2992 5040
222 312 265 376 32
764 308 868 365 Festus.

223 511 318 553 causa
351 508 477 553 necesse
507 494 555 552 est
587 487 627 550 ab
659 487 737 552 urbe
761 486 864 551 Roma
895 487 997 552 aliove
1024 509 1088 572 quo
1110 489 1181 554 loco
1203 490 1313 554 abesse
1336 489 1408 574 lege

223 596 387 659 senative¹
419 592 565 657 consulto
598 599 654 656 aut
685 593 788 657 edicto
820 592 1067 677 magistratus²‚
1101 600 1139 657 ut
1168 595 1265 657 etiarn
1297 593 1406 658 Aelius

223 698 335 763 Gallus
359 698 486 762 indicat.
533 698 573 763 F.
597 703 674 763 278.

223 803 413 887 Religio
423 826 438 867 s
450 826 494 867 us
518 809 566 867 est
590 840 630 849 -
655 804 784 868 deorum
810 804 1014 868 sanctitatem
1031 804 1140 888 magni
1156 805 1331 869 aestimans
1346 828 1404 877 -;

223 911 288 974 dies
312 914 418 973 autem
444 908 595 992 religiosi,
620 908 736 992 quibus
759 909 821 971 nisi
847 909 932 991 quod
955 930 1081 974 necesse
1101 913 1149 974 est
1163 909 1255 974 nefas
1269 908 1406 974 habetur

223 1013 336 1092 facere,
364 1012 474 1097 quales
496 1019 573 1077 sunt
594 1035 648 1076 sex
672 1018 704 1077 et
726 1014 863 1098 triginta
886 1014 948 1076 atri
973 1015 1027 1098 qui
1052 1013 1266 1098 appellantur,
1290 1020 1324 1079 et
1347 1015 1404 1078 Al-

224 1118 371 1196 liensis⁸‚
404 1123 500 1202 atque
529 1118 591 1193 ii⁴,
623 1117 740 1201 quibus
771 1119 907 1182 muudus
939 1123 1036 1202 patet
1084 1117 1302 1204 [Beligdosum
1327 1117 1403 1204 aiu]

223 1246 290 1288 esse
321 1222 432 1288 Gallus
463 1223 591 1297 Aelius,
624 1223 707 1307 quod
731 1222 854 1287 homini
883 1225 930 1287 ita
952 1224 1056 1288 facere
1079 1246 1142 1287 non
1168 1224 1278 1301 liceat,
1309 1223 1404 1299 ut,si

223 1328 273 1392 id⁶
300 1330 406 1407 iaciat,
430 1335 543 1393 contra
567 1328 696 1392 deorum
720 1328 917 1393 voluntatem
935 1325 1096 1393 videatur⁷
1120 1327 1231 1393 facere.
1278 1328 1349 1402 Quo
1372 1330 1402 1391 in

225 1454 342 1517 genere
366 1440 441 1497 sunt
464 1432 556 1497 haec:
581 1433 612 1495 in
638 1432 745 1497 aedem
769 1431 878 1497 Bonae
901 1434 977 1497 deae
1001 1433 1105 1497 virum
1127 1433 1271 1511 introire,
1296 1434 1403 1497 adver-

225 1560 278 1601 sus
303 1538 462 1622 auspicia⁸
488 1538 590 1622 legem
618 1539 674 1602 adl
698 1538 851 1622 populum
876 1537 970 1616 ferre,
993 1538 1044 1601 die
1066 1538 1191 1601 nefasto
1213 1538 1298 1620 apud
1315 1559 1404 1621 prae·

227 1650 328 1707 torem
353 1642 424 1727 lege
446 1665 549 1724 agere.
587 1644 675 1708 Inter
690 1666 814 1708 sacrum
832 1649 938 1708 autem
956 1650 988 1708 et
1003 1650 1147 1709 sanctum
1171 1649 1205 1708 et
1219 1642 1405 1728 religiosum

227 1748 425 1812 differentias
448 1748 621 1813 bellissime
650 1748 765 1814 refert:
796 1772 962 1813 sacrum
987 1748 1165 1813 aedificium
1187 1753 1406 1812 consecratum

224 1854 291 1927 ceo,
318 1858 504 1917 sanctum
528 1876 653 1918 murum
678 1856 732 1937 qui
757 1856 799 1918 sit
824 1855 941 1919 circum
969 1855 1132 1938 oppidum,
1156 1853 1405 1938 religiosum

226 1958 417 2041 sepulcrum,
442 1959 497 2021 ubi
522 1965 668 2023 mortuus
691 1960 834 2043 sepultus
859 1963 916 2022 aut
935 1957 1087 2021 humatus
1110 1959 1153 2021 sit
1168 1959 1247 2022 satis
1262 1962 1408 2022 constare

223 2064 285 2136 ait3
320 2063 374 2126 sed
398 2064 473 2127 item
498 2064 669 2127 ratione¹⁰
705 2064 841 2147 quadam
874 2069 907 2126 et
938 2064 1137 2146 temporibus
1167 2063 1275 2127 eadem
1308 2060 1407 2125 videri

225 2190 324 2250 posse,
350 2167 376 2230 si
394 2169 519 2251 quidem
545 2169 629 2251 quod
653 2190 776 2232 sacrum
795 2174 852 2245 est,
877 2168 961 2231 idem
979 2167 1049 2252 lege
1066 2173 1123 2231 aut
1138 2168 1290 2232 instituto
1305 2166 1406 2230 maio-

224 2295 294 2337 rum
319 2279 464 2336 sanctum
488 2294 555 2336 esse
578 2278 681 2355 putat,
705 2278 778 2337 ut¹¹
810 2273 923 2336 violari
947 2273 978 2336 id
1003 2274 1071 2336 siue
1095 2293 1198 2356 poena
1214 2293 1278 2336 non
1295 2269 1406 2355 possit.

223 2374 309 2440 Idem
335 2377 520 2460 religiosum
545 2398 671 2461 quoque
687 2397 764 2453 esse,
789 2378 980 2461 quoniam¹²
1008 2379 1051 2440 sit
1067 2377 1244 2461 aliquid¹³‚
1261 2373 1406 2461 quodibi

225 2481 345 2545 homini
369 2483 473 2546 fecere
496 2504 559 2546 non
583 2481 694 2557 liceat;
723 2483 807 2566 quod
832 2484 858 2546 si
883 2483 992 2559 faciat,
1023 2483 1173 2548 adversus
1196 2482 1327 2546 deorum
1351 2500 1407 2544 vo·

223 2586 380 2650 luntatem
405 2587 550 2650 videatur
572 2588 685 2652 facere.
733 2587 886 2653 Similiter
909 2590 947 2653 de
971 2610 1063 2653 muro
1087 2594 1118 2653 et
1133 2587 1277 2671 sepulcro
1294 2585 1407 2650 debere

223 2691 398 2768 observari,
432 2698 469 2755 ut
499 2693 606 2757 eadem
639 2699 671 2756 et
693 2714 783 2757 sacra
815 2699 846 2757 ct
869 2700 981 2757 sancta
1009 2698 1041 2756 et
1065 2693 1214 2778 religiosa
1236 2691 1327 2767 fiant,
1351 2690 1406 2754 sed

224 2817 287 2879 qno
303 2796 437 2858 ιυοιίοΗ
466 2816 562 2879 supra
578 2798 757 2880 expositum
775 2802 832 2875 est,
854 2820 924 2862 cum
942 2799 979 2862 de
997 2819 1087 2862 sacro
1103 2796 1251 2861 diximus.
1276 2795 1317 2859 F.
1328 2799 1405 2858 278.

225 2900 488 2985 Religiosum
512 2905 596 2965 ac¹⁶
623 2924 747 2966 sacrum
772 2907 829 2980 est,
854 2909 890 2966 ut
913 2902 1033 2985 templa
1055 2903 1163 2966 omnia
1186 2905 1282 2984 atque
1305 2899 1407 2973 aedes,

224 3030 304 3091 (puae
329 3007 425 3069 etiam
450 3012 592 3070 sacratae
616 3008 782 3081 dicuntur;
807 3012 880 3071 at¹⁶
908 3009 991 3091 quod
1017 3030 1074 3091 per
1098 3029 1131 3072 se
1147 3005 1331 3089 religiosum
1349 3007 1407 3081 est,

225 3133 288 3174 non
314 3108 441 3194 uti[quc
464 3131 591 3174 socrum
616 3119 670 3183 cst,
694 3119 728 3174 ut
752 3110 930 3197 sepulcro}
955 3114 1039 3197 quod
1060 3134 1097 3176 ea
1116 3133 1179 3174 nun
1205 3108 1328 3196 [sacrm
1351 3110 1407 3173 sed

226 3215 378 3295 relipiosa
404 3216 504 3294 srlull.
552 3216 590 3280 F.
615 3220 691 3279 289.

225 3319 437 3394 Reluere‚
475 3319 646 3397 resolvere,
675 3321 887 3404 repignerare.
936 3319 1092 3386 Caecilius
1123 3322 1156 3385 in
1183 3318 1314 3384 Carine:
1351 3316 1407 3384 ‘Ut

225 3447 337 3489 aurum
362 3428 394 3488 et
413 3428 539 3498 vestem,
563 3423 647 3507 quod
672 3423 784 3486 matris
802 3422 875 3499 fuit,
899 3424 1014 3502 reluat,
1038 3425 1121 3508 quod
1138 3423 1211 3487 viva
1228 3423 1289 3506 ipsi
1307 3443 1407 3506 oppo-

224 3531 327 3592 suit¹⁷
360 3528 507 3612 pignori.⁸
556 3529 595 3591 F.
618 3533 694 3591 281.

225 3632 279 3697 lle
294 3657 322 3696 m
337 3657 355 3696 u
368 3655 389 3696 n
402 3653 418 3695 c
430 3633 439 3695 i
453 3656 502 3715 pa
515 3637 528 3695 t
541 3656 558 3695 a
573 3655 602 3695 m
628 3630 738 3695 Gallus
763 3632 874 3695 Aelius
899 3654 966 3696 esse
990 3633 1045 3709 ait,
1070 3654 1150 3716 quae
1166 3631 1349 3715 mancipata
1363 3632 1407 3694 sit

225 3739 265 3803 ub
289 3759 335 3813 ec,
364 3737 417 3820 qui
444 3738 475 3800 iu
500 3759 629 3800 manum
652 3737 844 3801 convenerit.
889 3737 930 3800 F.
953 3742 1031 3801 277.

297 3950 321 4014 1)
342 3947 417 4012 leges
437 3946 602 4013 senatuique
620 3944 676 3999 cod.
696 3975 728 3982 -
750 3945 777 4014 2)
796 3944 1005 4011 magistratum
1024 3944 1080 3997 cod
1099 3974 1131 3985 -
1145 3944 1176 4012 3)
1194 3942 1244 3997 alii
1257 3960 1336 3998 senes
1348 3943 1406 3996 cod.

224 4066 256 4075 —
286 4035 312 4102 4)
332 4034 360 4086 hi
381 4032 436 4087 coil.
464 4061 497 4072 -
525 4032 553 4100 5)
572 4031 732 4099 religiosum
754 4031 796 4084 ait
815 4033 865 4084 ins.
892 4031 949 4084 Urs.
978 4061 1010 4070 -
1030 4033 1058 4098 6)
1077 4031 1100 4084 ri
1120 4031 1160 4100 id]
1179 4030 1231 4084 sud
1250 4031 1308 4084 cort
1327 4060 1360 4070 -
1380 4033 1407 4093 7)

225 4121 373 4176 videantur
393 4119 448 4173 coel.
467 4148 502 4160 ·-
521 4118 548 4185 8)
562 4119 707 4186 mysticiae
721 4119 793 4179 cod.‚·
811 4119 909 4172 muerrd.
921 4120 990 4186 Aup.
1011 4147 1045 4157 —
1064 4118 1090 4185 9)
1102 4119 1131 4174 id
1144 4119 1201 4173 cod.
1218 4148 1252 4157 -
1266 4117 1312 4187 10)
1324 4116 1404 4189 [item

223 4208 333 4263 ratione
350 4224 404 4276 cqc,
433 4207 475 4259 ita
489 4205 617 4274 portione
636 4205 691 4259 cort
721 4205 770 4258 Tu.
793 4205 842 4275 M.]
874 4235 904 4245 -·
935 4208 979 4275 11)
998 4210 1082 4274 putat
1100 4205 1146 4276 ut]
1165 4208 1270 4275 putant
1287 4206 1344 4259 cod.
1372 4234 1406 4245 -

224 4296 268 4363 12)
298 4297 345 4365 qui
366 4313 421 4349 non
439 4294 495 4348 iam
515 4294 570 4347 cod.
600 4324 633 4332 —
665 4294 711 4361 13)
730 4293 827 4362 alquid
847 4294 904 4347 cod.
935 4324 958 4333 -
995 4293 1036 4360 14)
1054 4293 1128 4362 quod
1146 4295 1197 4349 a'ns.
1215 4293 1270 4347 coel.
1299 4322 1332 4331 -
1365 4294 1408 4359 15)

230 4383 362 4449 {sortasse
381 4397 474 4449 aeque.
506 4380 556 4435 Tu.
576 4381 624 4450 Μ.)
651 4411 683 4420 -
709 4382 752 4450 16)
775 4381 810 4434 ad
832 4383 887 4436 cod.
909 4411 942 4420 —
963 4381 1007 4450 17)
1025 4381 1088 4451 ipsa
1104 4379 1245 4450 opposivit
1264 4379 1339 4434 Moe.
