<?xml version="1.0" encoding="UTF-8"?>
<!DOCTYPE html PUBLIC "-//W3C//DTD XHTML 1.0 Transitional//EN"
    "http://www.w3.org/TR/xhtml1/DTD/xhtml1-transitional.dtd">
<html xmlns="http://www.w3.org/1999/xhtml" xml:lang="en" lang="en">
 <head>
  <title>
</title>
<meta http-equiv="Content-Type" content="text/html;charset=utf-8" />
  <meta name='ocr-system' content='tesseract 3.04.00' />
  <meta name='ocr-capabilities' content='ocr_page ocr_carea ocr_par ocr_line ocrx_word'/>
</head>
<body>
  <div class='ocr_page' id='page_1' title='image "./fontesiurisroma03brungoog_0231.png"; bbox 0 0 2992 5040; ppageno 0'>
   <div class='ocr_carea' id='block_1_1' title="bbox 462 332 1277 407">
    <p class='ocr_par' dir='ltr' id='par_1_1' title="bbox 462 332 1277 407">
     <span class='ocr_line' id='line_1_1' title="bbox 462 332 1277 407; baseline 0.013 -19"><span class='ocrx_word' id='word_1_1' title='bbox 462 332 509 388; x_wconf 86' lang='lat' dir='ltr'>SC.</span> <span class='ocrx_word' id='word_1_2' title='bbox 529 333 563 388; x_wconf 91' lang='lat' dir='ltr'>de</span> <span class='ocrx_word' id='word_1_3' title='bbox 580 334 699 404; x_wconf 87' lang='lat' dir='ltr'>imperio</span> <span class='ocrx_word' id='word_1_4' title='bbox 719 333 897 404; x_wconf 74' lang='lat' dir='ltr'>Vespasiano.</span> <span class='ocrx_word' id='word_1_5' title='bbox 1216 342 1277 407; x_wconf 84' lang='grc'>193</span> 
     </span>
    </p>
   </div>
   <div class='ocr_carea' id='block_1_2' title="bbox 92 506 1363 4264">
    <p class='ocr_par' dir='ltr' id='par_1_2' title="bbox 96 506 1278 698">
     <span class='ocr_line' id='line_1_2' title="bbox 97 506 1278 602; baseline 0.008 -32"><span class='ocrx_word' id='word_1_6' title='bbox 97 506 144 590; x_wconf 86' lang='grc'>(3)</span> <span class='ocrx_word' id='word_1_7' title='bbox 170 508 227 584; x_wconf 86' lang='lat' dir='ltr'>ita,</span> <span class='ocrx_word' id='word_1_8' title='bbox 252 509 300 572; x_wconf 89' lang='lat' dir='ltr'>uti</span> <span class='ocrx_word' id='word_1_9' title='bbox 323 509 416 574; x_wconf 88' lang='lat' dir='ltr'>licuit</span> <span class='ocrx_word' id='word_1_10' title='bbox 439 508 513 572; x_wconf 89' lang='lat' dir='ltr'>divo</span> <span class='ocrx_word' id='word_1_11' title='bbox 535 508 728 593; x_wconf 61' lang='lat' dir='ltr'>dogmata),</span> <span class='ocrx_word' id='word_1_12' title='bbox 760 509 808 575; x_wconf 83' lang='lat' dir='ltr'>Ti.</span> <span class='ocrx_word' id='word_1_13' title='bbox 833 509 916 575; x_wconf 91' lang='lat' dir='ltr'>lulio</span> <span class='ocrx_word' id='word_1_14' title='bbox 939 509 1066 577; x_wconf 78' lang='lat' dir='ltr'>Caesari</span> <span class='ocrx_word' id='word_1_15' title='bbox 1088 512 1278 602; x_wconf 82' lang='lat' dir='ltr'>Aug(usto)‚</span> 
     </span>
     <span class='ocr_line' id='line_1_3' title="bbox 96 610 1004 698; baseline 0.006 -23"><span class='ocrx_word' id='word_1_16' title='bbox 96 611 141 675; x_wconf 84' lang='lat' dir='ltr'>Ti.</span> <span class='ocrx_word' id='word_1_17' title='bbox 171 610 307 677; x_wconf 88' lang='lat' dir='ltr'>Claudio</span> <span class='ocrx_word' id='word_1_18' title='bbox 330 612 457 677; x_wconf 82' lang='lat' dir='ltr'>Caesari</span> <span class='ocrx_word' id='word_1_19' title='bbox 485 613 534 696; x_wconf 81' lang='grc'>(3)</span> <span class='ocrx_word' id='word_1_20' title='bbox 558 614 708 698; x_wconf 81' lang='lat' dir='ltr'>Augusto</span> <span class='ocrx_word' id='word_1_21' title='bbox 731 613 933 692; x_wconf 65' lang='lat' dir='ltr'>Germaniam</span> <span class='ocrx_word' id='word_1_22' title='bbox 956 635 1004 681; x_wconf 74' lang='grc' dir='ltr'>ω</span> 
     </span>
    </p>

    <p class='ocr_par' dir='ltr' id='par_1_3' title="bbox 97 694 1280 1117">
     <span class='ocr_line' id='line_1_4' title="bbox 182 694 1279 801; baseline 0.01 -21"><span class='ocrx_word' id='word_1_23' title='bbox 182 720 232 797; x_wconf 75' lang='grc'>(3)</span> <span class='ocrx_word' id='word_1_24' title='bbox 258 718 368 801; x_wconf 90' lang='lat' dir='ltr'>utique</span> <span class='ocrx_word' id='word_1_25' title='bbox 393 740 463 782; x_wconf 86' lang='lat' dir='ltr'>eum</span> <span class='ocrx_word' id='word_1_26' title='bbox 488 740 527 782; x_wconf 86' lang='lat' dir='ltr'>ex</span> <span class='ocrx_word' id='word_1_27' title='bbox 552 718 716 783; x_wconf 89' lang='lat' dir='ltr'>voluntate</span> <span class='ocrx_word' id='word_1_28' title='bbox 735 721 966 785; x_wconf 87' lang='lat' dir='ltr'>anctoritateve</span> <span class='ocrx_word' id='word_1_29' title='bbox 980 720 1068 786; x_wconf 86' lang='lat' dir='ltr'>iussu</span> <span class='ocrx_word' id='word_1_30' title='bbox 1086 694 1279 791; x_wconf 72' lang='lat' dir='ltr'>manddtuve</span> 
     </span>
     <span class='ocr_line' id='line_1_5' title="bbox 97 822 1279 906; baseline 0.01 -23"><span class='ocrx_word' id='word_1_31' title='bbox 97 822 160 885; x_wconf 89' lang='lat' dir='ltr'>eius</span> <span class='ocrx_word' id='word_1_32' title='bbox 193 823 241 905; x_wconf 84' lang='grc'>(3)</span> <span class='ocrx_word' id='word_1_33' title='bbox 273 828 480 906; x_wconf 90' lang='lat' dir='ltr'>praesenteve</span> <span class='ocrx_word' id='word_1_34' title='bbox 509 844 546 887; x_wconf 90' lang='lat' dir='ltr'>eo</span> <span class='ocrx_word' id='word_1_35' title='bbox 576 830 705 888; x_wconf 90' lang='lat' dir='ltr'>senatus</span> <span class='ocrx_word' id='word_1_36' title='bbox 728 824 912 905; x_wconf 80' lang='lat' dir='ltr'>habebitur,</span> <span class='ocrx_word' id='word_1_37' title='bbox 935 826 1076 890; x_wconf 86' lang='lat' dir='ltr'>omnium</span> <span class='ocrx_word' id='word_1_38' title='bbox 1102 850 1206 894; x_wconf 90' lang='lat' dir='ltr'>rerum</span> <span class='ocrx_word' id='word_1_39' title='bbox 1228 831 1279 895; x_wconf 87' lang='lat' dir='ltr'>ius</span> 
     </span>
     <span class='ocr_line' id='line_1_6' title="bbox 99 926 1280 1018; baseline 0.009 -29"><span class='ocrx_word' id='word_1_40' title='bbox 99 926 229 1009; x_wconf 80' lang='lat' dir='ltr'>perinde</span> <span class='ocrx_word' id='word_1_41' title='bbox 252 930 301 1009; x_wconf 88' lang='grc'>(3)</span> <span class='ocrx_word' id='word_1_42' title='bbox 325 927 483 992; x_wconf 77' lang='lat' dir='ltr'>habeatur</span> <span class='ocrx_word' id='word_1_43' title='bbox 506 934 659 1006; x_wconf 87' lang='lat' dir='ltr'>servetur,</span> <span class='ocrx_word' id='word_1_44' title='bbox 683 951 719 993; x_wconf 90' lang='lat' dir='ltr'>ao</span> <span class='ocrx_word' id='word_1_45' title='bbox 742 932 769 993; x_wconf 92' lang='lat' dir='ltr'>si</span> <span class='ocrx_word' id='word_1_46' title='bbox 792 931 895 1018; x_wconf 81' lang='lat' dir='ltr'>alege</span> <span class='ocrx_word' id='word_1_47' title='bbox 917 935 1046 995; x_wconf 89' lang='lat' dir='ltr'>senatus</span> <span class='ocrx_word' id='word_1_48' title='bbox 1062 932 1182 998; x_wconf 85' lang='lat' dir='ltr'>edictus</span> <span class='ocrx_word' id='word_1_49' title='bbox 1198 940 1280 1000; x_wconf 89' lang='lat' dir='ltr'>esset</span> 
     </span>
     <span class='ocr_line' id='line_1_7' title="bbox 97 1030 415 1117; baseline 0.013 -24"><span class='ocrx_word' id='word_1_50' title='bbox 97 1030 346 1117; x_wconf 78' lang='lat' dir='ltr'>habereturque:</span> <span class='ocrx_word' id='word_1_51' title='bbox 369 1052 415 1097; x_wconf 73' lang='grc' dir='ltr'>Ν</span> 
     </span>
    </p>

    <p class='ocr_par' dir='ltr' id='par_1_4' title="bbox 97 1136 1278 1631">
     <span class='ocr_line' id='line_1_8' title="bbox 186 1136 1278 1225; baseline 0.008 -26"><span class='ocrx_word' id='word_1_52' title='bbox 186 1136 197 1213; x_wconf 95' lang='grc'><strong>(</strong></span> <span class='ocrx_word' id='word_1_53' title='bbox 204 1140 256 1214; x_wconf 80' lang='grc'>13)</span> <span class='ocrx_word' id='word_1_54' title='bbox 286 1137 397 1220; x_wconf 89' lang='lat' dir='ltr'>utique</span> <span class='ocrx_word' id='word_1_55' title='bbox 420 1160 499 1221; x_wconf 88' lang='lat' dir='ltr'>quos</span> <span class='ocrx_word' id='word_1_56' title='bbox 522 1138 750 1224; x_wconf 84' lang='lat' dir='ltr'>magistratum</span> <span class='ocrx_word' id='word_1_57' title='bbox 778 1144 970 1224; x_wconf 88' lang='lat' dir='ltr'>potestatem</span> <span class='ocrx_word' id='word_1_58' title='bbox 994 1141 1162 1225; x_wconf 90' lang='lat' dir='ltr'>imperium</span> <span class='ocrx_word' id='word_1_59' title='bbox 1186 1166 1278 1208; x_wconf 88' lang='lat' dir='ltr'>eura·</span> 
     </span>
     <span class='ocr_line' id='line_1_9' title="bbox 99 1242 1277 1329; baseline 0.006 -24"><span class='ocrx_word' id='word_1_60' title='bbox 99 1242 256 1306; x_wconf 90' lang='lat' dir='ltr'>tionemve</span> <span class='ocrx_word' id='word_1_61' title='bbox 287 1243 316 1325; x_wconf 91' lang='lat'>(¹</span> <span class='ocrx_word' id='word_1_62' title='bbox 329 1247 359 1321; x_wconf 90' lang='grc'>1)</span> <span class='ocrx_word' id='word_1_63' title='bbox 392 1245 482 1307; x_wconf 87' lang='lat' dir='ltr'>onius</span> <span class='ocrx_word' id='word_1_64' title='bbox 513 1244 558 1307; x_wconf 92' lang='lat' dir='ltr'>rei</span> <span class='ocrx_word' id='word_1_65' title='bbox 587 1248 731 1326; x_wconf 89' lang='lat' dir='ltr'>petentes</span> <span class='ocrx_word' id='word_1_66' title='bbox 760 1244 886 1308; x_wconf 88' lang='lat' dir='ltr'>senatui</span> <span class='ocrx_word' id='word_1_67' title='bbox 920 1243 1103 1329; x_wconf 90' lang='lat' dir='ltr'>populoque</span> <span class='ocrx_word' id='word_1_68' title='bbox 1132 1245 1277 1312; x_wconf 85' lang='lat' dir='ltr'>Romano</span> 
     </span>
     <span class='ocr_line' id='line_1_10' title="bbox 99 1347 1277 1436; baseline 0.006 -26"><span class='ocrx_word' id='word_1_69' title='bbox 99 1348 365 1412; x_wconf 79' lang='lat' dir='ltr'>commendaverit</span> <span class='ocrx_word' id='word_1_70' title='bbox 388 1352 416 1423; x_wconf 88' lang='lat'>(¹</span> <span class='ocrx_word' id='word_1_71' title='bbox 428 1348 459 1430; x_wconf 83' lang='lat'>²)</span> <span class='ocrx_word' id='word_1_72' title='bbox 484 1347 663 1432; x_wconf 85' lang='lat' dir='ltr'>quibusque</span> <span class='ocrx_word' id='word_1_73' title='bbox 678 1348 944 1433; x_wconf 82' lang='lat' dir='ltr'>suffragationem</span> <span class='ocrx_word' id='word_1_74' title='bbox 960 1371 1050 1413; x_wconf 89' lang='lat' dir='ltr'>suam</span> <span class='ocrx_word' id='word_1_75' title='bbox 1066 1351 1188 1416; x_wconf 85' lang='lat' dir='ltr'>dederit</span> <span class='ocrx_word' id='word_1_76' title='bbox 1202 1374 1277 1436; x_wconf 90' lang='lat' dir='ltr'>pro·</span> 
     </span>
     <span class='ocr_line' id='line_1_11' title="bbox 99 1451 1278 1535; baseline 0.006 -21"><span class='ocrx_word' id='word_1_77' title='bbox 99 1452 229 1529; x_wconf 84' lang='lat' dir='ltr'>miserit,</span> <span class='ocrx_word' id='word_1_78' title='bbox 255 1474 366 1516; x_wconf 87' lang='lat' dir='ltr'>eorum</span> <span class='ocrx_word' id='word_1_79' title='bbox 390 1452 459 1533; x_wconf 79' lang='lat'>(¹³)</span> <span class='ocrx_word' id='word_1_80' title='bbox 484 1451 610 1515; x_wconf 87' lang='lat' dir='ltr'>comitis</span> <span class='ocrx_word' id='word_1_81' title='bbox 634 1451 815 1535; x_wconf 90' lang='lat' dir='ltr'>quibusque</span> <span class='ocrx_word' id='word_1_82' title='bbox 836 1459 927 1515; x_wconf 85' lang='lat' dir='ltr'>extra</span> <span class='ocrx_word' id='word_1_83' title='bbox 949 1453 1092 1518; x_wconf 88' lang='lat' dir='ltr'>ordinem</span> <span class='ocrx_word' id='word_1_84' title='bbox 1115 1456 1198 1519; x_wconf 89' lang='lat' dir='ltr'>ratio</span> <span class='ocrx_word' id='word_1_85' title='bbox 1220 1456 1278 1521; x_wconf 92' lang='lat' dir='ltr'>ha-</span> 
     </span>
     <span class='ocr_line' id='line_1_12' title="bbox 97 1554 296 1631; baseline 0.02 -15"><span class='ocrx_word' id='word_1_86' title='bbox 97 1554 226 1631; x_wconf 84' lang='lat' dir='ltr'>beatur;</span> <span class='ocrx_word' id='word_1_87' title='bbox 249 1573 296 1620; x_wconf 74' lang='grc' dir='ltr'>Ν</span> 
     </span>
    </p>

    <p class='ocr_par' dir='ltr' id='par_1_5' title="bbox 98 1662 1278 1957">
     <span class='ocr_line' id='line_1_13' title="bbox 182 1662 1278 1748; baseline 0.005 -23"><span class='ocrx_word' id='word_1_88' title='bbox 182 1662 251 1745; x_wconf 74' lang='grc'><strong>(33)</strong></span> <span class='ocrx_word' id='word_1_89' title='bbox 276 1663 389 1748; x_wconf 86' lang='lat' dir='ltr'>utique</span> <span class='ocrx_word' id='word_1_90' title='bbox 411 1665 437 1728; x_wconf 87' lang='lat' dir='ltr'>ei</span> <span class='ocrx_word' id='word_1_91' title='bbox 464 1664 543 1727; x_wconf 85' lang='lat' dir='ltr'>fines</span> <span class='ocrx_word' id='word_1_92' title='bbox 565 1663 699 1747; x_wconf 85' lang='lat' dir='ltr'>pomerii</span> <span class='ocrx_word' id='word_1_93' title='bbox 724 1663 867 1746; x_wconf 88' lang='lat' dir='ltr'>proferre</span> <span class='ocrx_word' id='word_1_94' title='bbox 891 1685 1079 1746; x_wconf 90' lang='lat' dir='ltr'>promovere</span> <span class='ocrx_word' id='word_1_95' title='bbox 1102 1687 1175 1729; x_wconf 87' lang='lat' dir='ltr'>aum</span> <span class='ocrx_word' id='word_1_96' title='bbox 1191 1686 1229 1728; x_wconf 87' lang='lat' dir='ltr'>ex</span> <span class='ocrx_word' id='word_1_97' title='bbox 1245 1688 1278 1730; x_wconf 91' lang='lat' dir='ltr'>re</span> 
     </span>
     <span class='ocr_line' id='line_1_14' title="bbox 98 1767 1275 1849; baseline 0.008 -24"><span class='ocrx_word' id='word_1_98' title='bbox 98 1768 223 1849; x_wconf 81' lang='lat' dir='ltr'>publica</span> <span class='ocrx_word' id='word_1_99' title='bbox 247 1772 318 1849; x_wconf 81' lang='grc'><strong>(33)</strong></span> <span class='ocrx_word' id='word_1_100' title='bbox 343 1769 485 1833; x_wconf 87' lang='lat' dir='ltr'>censebit</span> <span class='ocrx_word' id='word_1_101' title='bbox 508 1790 584 1846; x_wconf 85' lang='lat' dir='ltr'>esse,</span> <span class='ocrx_word' id='word_1_102' title='bbox 609 1769 704 1834; x_wconf 83' lang='lat' dir='ltr'>liceat</span> <span class='ocrx_word' id='word_1_103' title='bbox 727 1769 783 1845; x_wconf 77' lang='lat' dir='ltr'>ita,</span> <span class='ocrx_word' id='word_1_104' title='bbox 807 1769 854 1831; x_wconf 88' lang='lat' dir='ltr'>uti</span> <span class='ocrx_word' id='word_1_105' title='bbox 873 1767 963 1832; x_wconf 90' lang='lat' dir='ltr'>licuit</span> <span class='ocrx_word' id='word_1_106' title='bbox 983 1767 1030 1835; x_wconf 87' lang='lat' dir='ltr'>Ti.</span> <span class='ocrx_word' id='word_1_107' title='bbox 1049 1769 1181 1835; x_wconf 88' lang='lat' dir='ltr'>Claudio</span> <span class='ocrx_word' id='word_1_108' title='bbox 1198 1769 1275 1834; x_wconf 85' lang='lat' dir='ltr'>Cae·</span> 
     </span>
     <span class='ocr_line' id='line_1_15' title="bbox 99 1872 753 1957; baseline 0.003 -23"><span class='ocrx_word' id='word_1_109' title='bbox 99 1872 156 1936; x_wconf 83' lang='lat' dir='ltr'>sari</span> <span class='ocrx_word' id='word_1_110' title='bbox 182 1873 362 1957; x_wconf 73' lang='lat' dir='ltr'>Anglustol</span> <span class='ocrx_word' id='word_1_111' title='bbox 386 1873 455 1956; x_wconf 80' lang='grc'><strong>(33)</strong></span> <span class='ocrx_word' id='word_1_112' title='bbox 480 1872 683 1949; x_wconf 68' lang='lat' dir='ltr'>Germaniam</span> <span class='ocrx_word' id='word_1_113' title='bbox 706 1890 753 1937; x_wconf 73' lang='grc' dir='ltr'>Ν</span> 
     </span>
    </p>

    <p class='ocr_par' dir='ltr' id='par_1_6' title="bbox 95 1977 1363 2483">
     <span class='ocr_line' id='line_1_16' title="bbox 180 1977 1275 2063; baseline 0.002 -21"><span class='ocrx_word' id='word_1_114' title='bbox 180 1982 250 2057; x_wconf 78' lang='grc'><strong>(33)</strong></span> <span class='ocrx_word' id='word_1_115' title='bbox 275 1979 389 2063; x_wconf 88' lang='lat' dir='ltr'>utique</span> <span class='ocrx_word' id='word_1_116' title='bbox 415 2000 621 2062; x_wconf 88' lang='lat' dir='ltr'>quaecunque</span> <span class='ocrx_word' id='word_1_117' title='bbox 653 1999 691 2042; x_wconf 90' lang='lat' dir='ltr'>ex</span> <span class='ocrx_word' id='word_1_118' title='bbox 714 2000 774 2041; x_wconf 91' lang='lat' dir='ltr'>usu</span> <span class='ocrx_word' id='word_1_119' title='bbox 798 1978 841 2041; x_wconf 92' lang='lat' dir='ltr'>rei</span> <span class='ocrx_word' id='word_1_120' title='bbox 867 1977 1013 2060; x_wconf 88' lang='lat' dir='ltr'>publicae</span> <span class='ocrx_word' id='word_1_121' title='bbox 1036 1978 1275 2061; x_wconf 77' lang='lat' dir='ltr'>maiestateque¹</span> 
     </span>
     <span class='ocr_line' id='line_1_17' title="bbox 95 2081 1276 2169; baseline 0.004 -25"><span class='ocrx_word' id='word_1_122' title='bbox 95 2082 271 2147; x_wconf 84' lang='lat' dir='ltr'>divinarum</span> <span class='ocrx_word' id='word_1_123' title='bbox 305 2083 376 2169; x_wconf 79' lang='lat'>(¹²⁵)</span> <span class='ocrx_word' id='word_1_124' title='bbox 401 2081 630 2146; x_wconf 73' lang='lat' dir='ltr'>humanarum²</span> <span class='ocrx_word' id='word_1_125' title='bbox 661 2082 861 2166; x_wconf 84' lang='lat' dir='ltr'>publicarum</span> <span class='ocrx_word' id='word_1_126' title='bbox 888 2083 1149 2168; x_wconf 89' lang='lat' dir='ltr'>privatarumque</span> <span class='ocrx_word' id='word_1_127' title='bbox 1171 2107 1276 2149; x_wconf 90' lang='lat' dir='ltr'>rerum</span> 
     </span>
     <span class='ocr_line' id='line_1_18' title="bbox 96 2187 1363 2271; baseline 0.003 -21"><span class='ocrx_word' id='word_1_128' title='bbox 96 2208 159 2252; x_wconf 86' lang='lat' dir='ltr'>ease</span> <span class='ocrx_word' id='word_1_129' title='bbox 184 2198 194 2271; x_wconf 94' lang='lat'>(</span> <span class='ocrx_word' id='word_1_130' title='bbox 202 2192 251 2265; x_wconf 81' lang='grc'>13)</span> <span class='ocrx_word' id='word_1_131' title='bbox 276 2187 457 2265; x_wconf 78' lang='lat' dir='ltr'>censebit⁸,</span> <span class='ocrx_word' id='word_1_132' title='bbox 483 2188 511 2250; x_wconf 92' lang='lat' dir='ltr'>ei</span> <span class='ocrx_word' id='word_1_133' title='bbox 537 2209 633 2271; x_wconf 84' lang='lat' dir='ltr'>agere</span> <span class='ocrx_word' id='word_1_134' title='bbox 656 2188 760 2251; x_wconf 81' lang='lat' dir='ltr'>faeere</span> <span class='ocrx_word' id='word_1_135' title='bbox 782 2187 832 2250; x_wconf 85' lang='lat' dir='ltr'>ius</span> <span class='ocrx_word' id='word_1_136' title='bbox 856 2191 1060 2271; x_wconf 78' lang='lat' dir='ltr'>potestasque</span> <span class='ocrx_word' id='word_1_137' title='bbox 1082 2189 1135 2266; x_wconf 81' lang='lat' dir='ltr'>ait,</span> <span class='ocrx_word' id='word_1_138' title='bbox 1159 2189 1206 2254; x_wconf 92' lang='lat' dir='ltr'>ita</span> <span class='ocrx_word' id='word_1_139' title='bbox 1228 2192 1275 2254; x_wconf 87' lang='lat' dir='ltr'>uti</span> <span class='ocrx_word' id='word_1_140' title='bbox 1358 2201 1363 2209; x_wconf 84' lang='grc'>’</span> 
     </span>
     <span class='ocr_line' id='line_1_19' title="bbox 95 2290 1274 2379; baseline 0.003 -25"><span class='ocrx_word' id='word_1_141' title='bbox 95 2292 164 2356; x_wconf 88' lang='lat' dir='ltr'>divo</span> <span class='ocrx_word' id='word_1_142' title='bbox 190 2292 380 2379; x_wconf 78' lang='lat' dir='ltr'>Aug(ust0l‚</span> <span class='ocrx_word' id='word_1_143' title='bbox 405 2293 474 2376; x_wconf 78' lang='lat'>(²⁰)</span> <span class='ocrx_word' id='word_1_144' title='bbox 498 2291 691 2376; x_wconf 86' lang='lat' dir='ltr'>Tiberioque</span> <span class='ocrx_word' id='word_1_145' title='bbox 714 2290 796 2356; x_wconf 90' lang='lat' dir='ltr'>Iulio</span> <span class='ocrx_word' id='word_1_146' title='bbox 814 2291 942 2356; x_wconf 82' lang='lat' dir='ltr'>Caesari</span> <span class='ocrx_word' id='word_1_147' title='bbox 967 2293 1153 2377; x_wconf 75' lang='lat' dir='ltr'>Ang(ust0)‚</span> <span class='ocrx_word' id='word_1_148' title='bbox 1177 2292 1274 2358; x_wconf 79' lang='lat' dir='ltr'>Tibe·</span> 
     </span>
     <span class='ocr_line' id='line_1_20' title="bbox 97 2394 1197 2483; baseline 0.002 -23"><span class='ocrx_word' id='word_1_149' title='bbox 97 2399 204 2482; x_wconf 86' lang='lat' dir='ltr'>rioque</span> <span class='ocrx_word' id='word_1_150' title='bbox 227 2396 361 2463; x_wconf 87' lang='lat' dir='ltr'>Claudio</span> <span class='ocrx_word' id='word_1_151' title='bbox 385 2397 512 2462; x_wconf 85' lang='lat' dir='ltr'>Caesari</span> <span class='ocrx_word' id='word_1_152' title='bbox 536 2400 606 2479; x_wconf 74' lang='grc'><strong>(33)</strong></span> <span class='ocrx_word' id='word_1_153' title='bbox 633 2400 809 2483; x_wconf 69' lang='lat' dir='ltr'>Auglusto)</span> <span class='ocrx_word' id='word_1_154' title='bbox 834 2394 1025 2460; x_wconf 84' lang='lat' dir='ltr'>Germanico</span> <span class='ocrx_word' id='word_1_155' title='bbox 1048 2396 1127 2470; x_wconf 66' lang='lat' dir='ltr'>faie</span> <span class='ocrx_word' id='word_1_156' title='bbox 1151 2416 1197 2462; x_wconf 73' lang='grc' dir='ltr'>ω</span> 
     </span>
    </p>

    <p class='ocr_par' dir='ltr' id='par_1_7' title="bbox 92 2500 1274 3423">
     <span class='ocr_line' id='line_1_21' title="bbox 179 2500 1274 2588; baseline 0.002 -23"><span class='ocrx_word' id='word_1_157' title='bbox 179 2506 250 2584; x_wconf 80' lang='grc'><strong>(33)</strong></span> <span class='ocrx_word' id='word_1_158' title='bbox 276 2504 386 2588; x_wconf 90' lang='lat' dir='ltr'>ntique</span> <span class='ocrx_word' id='word_1_159' title='bbox 409 2503 525 2588; x_wconf 88' lang='lat' dir='ltr'>quibus</span> <span class='ocrx_word' id='word_1_160' title='bbox 548 2502 674 2586; x_wconf 78' lang='lat' dir='ltr'>legibus</span> <span class='ocrx_word' id='word_1_161' title='bbox 698 2501 840 2586; x_wconf 85' lang='lat' dir='ltr'>plebeive</span> <span class='ocrx_word' id='word_1_162' title='bbox 863 2500 951 2563; x_wconf 84' lang='lat' dir='ltr'>saitis</span> <span class='ocrx_word' id='word_1_163' title='bbox 967 2501 1123 2583; x_wconf 86' lang='lat' dir='ltr'>seriptum</span> <span class='ocrx_word' id='word_1_164' title='bbox 1137 2501 1210 2580; x_wconf 79' lang='lat' dir='ltr'>fuit,</span> <span class='ocrx_word' id='word_1_165' title='bbox 1234 2525 1274 2567; x_wconf 87' lang='lat' dir='ltr'>ne</span> 
     </span>
     <span class='ocr_line' id='line_1_22' title="bbox 94 2604 1273 2691; baseline 0.003 -22"><span class='ocrx_word' id='word_1_166' title='bbox 94 2607 183 2670; x_wconf 89' lang='lat' dir='ltr'>divus</span> <span class='ocrx_word' id='word_1_167' title='bbox 208 2607 417 2691; x_wconf 82' lang='lat' dir='ltr'>Ang(ustus)‚</span> <span class='ocrx_word' id='word_1_168' title='bbox 443 2610 514 2688; x_wconf 83' lang='grc'><strong>(33)</strong></span> <span class='ocrx_word' id='word_1_169' title='bbox 539 2606 726 2671; x_wconf 71' lang='lat' dir='ltr'>&#39;liberiusve</span> <span class='ocrx_word' id='word_1_170' title='bbox 742 2604 843 2669; x_wconf 86' lang='lat' dir='ltr'>lulius</span> <span class='ocrx_word' id='word_1_171' title='bbox 859 2606 973 2668; x_wconf 85' lang='lat' dir='ltr'>Caesar</span> <span class='ocrx_word' id='word_1_172' title='bbox 990 2605 1195 2686; x_wconf 66' lang='lat' dir='ltr'>Augustus,</span> <span class='ocrx_word' id='word_1_173' title='bbox 1220 2606 1273 2671; x_wconf 87' lang='lat' dir='ltr'>Ti·</span> 
     </span>
     <span class='ocr_line' id='line_1_23' title="bbox 95 2707 1273 2795; baseline 0.003 -22"><span class='ocrx_word' id='word_1_174' title='bbox 95 2711 263 2795; x_wconf 89' lang='lat' dir='ltr'>beriusque</span> <span class='ocrx_word' id='word_1_175' title='bbox 287 2711 437 2776; x_wconf 87' lang='lat' dir='ltr'>Claudius</span> <span class='ocrx_word' id='word_1_176' title='bbox 460 2709 577 2775; x_wconf 88' lang='lat' dir='ltr'>Caesar</span> <span class='ocrx_word' id='word_1_177' title='bbox 599 2710 795 2795; x_wconf 80' lang='lat' dir='ltr'>Aug(ustus)</span> <span class='ocrx_word' id='word_1_178' title='bbox 820 2713 890 2792; x_wconf 75' lang='grc'><strong>(33)</strong></span> <span class='ocrx_word' id='word_1_179' title='bbox 906 2707 1114 2775; x_wconf 81' lang='lat' dir='ltr'>Germanicus</span> <span class='ocrx_word' id='word_1_180' title='bbox 1130 2719 1273 2776; x_wconf 87' lang='lat' dir='ltr'>teneren-</span> 
     </span>
     <span class='ocr_line' id='line_1_24' title="bbox 94 2811 1274 2900; baseline 0.003 -23"><span class='ocrx_word' id='word_1_181' title='bbox 94 2819 155 2891; x_wconf 80' lang='lat' dir='ltr'>tur,</span> <span class='ocrx_word' id='word_1_182' title='bbox 178 2816 219 2879; x_wconf 91' lang='lat' dir='ltr'>iis</span> <span class='ocrx_word' id='word_1_183' title='bbox 244 2815 367 2900; x_wconf 78' lang='lat' dir='ltr'>legibus</span> <span class='ocrx_word' id='word_1_184' title='bbox 390 2815 555 2900; x_wconf 88' lang='lat' dir='ltr'>plebisque</span> <span class='ocrx_word' id='word_1_185' title='bbox 578 2814 667 2879; x_wconf 85' lang='lat' dir='ltr'>scitis</span> <span class='ocrx_word' id='word_1_186' title='bbox 690 2812 892 2898; x_wconf 63' lang='lat' dir='ltr'>imputator)</span> <span class='ocrx_word' id='word_1_187' title='bbox 918 2811 1034 2879; x_wconf 89' lang='lat' dir='ltr'>Caesar</span> <span class='ocrx_word' id='word_1_188' title='bbox 1057 2816 1127 2900; x_wconf 79' lang='grc'><strong>(33)</strong></span> <span class='ocrx_word' id='word_1_189' title='bbox 1153 2815 1274 2899; x_wconf 89' lang='lat' dir='ltr'>Vespa·</span> 
     </span>
     <span class='ocr_line' id='line_1_25' title="bbox 93 2916 1274 3005; baseline 0.002 -24"><span class='ocrx_word' id='word_1_190' title='bbox 93 2920 200 2983; x_wconf 86' lang='lat' dir='ltr'>sianus</span> <span class='ocrx_word' id='word_1_191' title='bbox 224 2920 347 2986; x_wconf 87' lang='lat' dir='ltr'>solutus</span> <span class='ocrx_word' id='word_1_192' title='bbox 371 2923 432 2998; x_wconf 89' lang='lat' dir='ltr'>sit;</span> <span class='ocrx_word' id='word_1_193' title='bbox 466 2942 610 3005; x_wconf 88' lang='lat' dir='ltr'>quaeque</span> <span class='ocrx_word' id='word_1_194' title='bbox 637 2942 676 2984; x_wconf 86' lang='lat' dir='ltr'>ex</span> <span class='ocrx_word' id='word_1_195' title='bbox 698 2939 825 3001; x_wconf 88' lang='lat' dir='ltr'>quaque</span> <span class='ocrx_word' id='word_1_196' title='bbox 847 2916 919 2999; x_wconf 72' lang='lat' dir='ltr'>lege</span> <span class='ocrx_word' id='word_1_197' title='bbox 942 2919 1108 3000; x_wconf 77' lang='lat' dir='ltr'>rogatione</span> <span class='ocrx_word' id='word_1_198' title='bbox 1131 2921 1201 3003; x_wconf 82' lang='grc'><strong>(33)</strong></span> <span class='ocrx_word' id='word_1_199' title='bbox 1225 2920 1274 2983; x_wconf 93' lang='lat' dir='ltr'>di-</span> 
     </span>
     <span class='ocr_line' id='line_1_26' title="bbox 94 3021 1273 3111; baseline 0.004 -27"><span class='ocrx_word' id='word_1_200' title='bbox 94 3046 165 3088; x_wconf 82' lang='lat' dir='ltr'>vum</span> <span class='ocrx_word' id='word_1_201' title='bbox 195 3026 430 3111; x_wconf 63' lang='lat' dir='ltr'>dogmatum),</span> <span class='ocrx_word' id='word_1_202' title='bbox 466 3026 670 3090; x_wconf 84' lang='lat' dir='ltr'>Tiberiumve</span> <span class='ocrx_word' id='word_1_203' title='bbox 702 3023 821 3089; x_wconf 87' lang='lat' dir='ltr'>lulium</span> <span class='ocrx_word' id='word_1_204' title='bbox 853 3021 1019 3087; x_wconf 87' lang='lat' dir='ltr'>Caesarem</span> <span class='ocrx_word' id='word_1_205' title='bbox 1050 3023 1273 3108; x_wconf 64' lang='lat' dir='ltr'>dogmatum),</span> 
     </span>
     <span class='ocr_line' id='line_1_27' title="bbox 93 3126 1274 3214; baseline 0 -22"><span class='ocrx_word' id='word_1_206' title='bbox 93 3128 296 3195; x_wconf 84' lang='lat' dir='ltr'>Tiberinmve</span> <span class='ocrx_word' id='word_1_207' title='bbox 320 3132 390 3213; x_wconf 75' lang='grc'><strong>(33)</strong></span> <span class='ocrx_word' id='word_1_208' title='bbox 415 3132 583 3196; x_wconf 87' lang='lat' dir='ltr'>Claudium</span> <span class='ocrx_word' id='word_1_209' title='bbox 607 3131 773 3196; x_wconf 87' lang='lat' dir='ltr'>Caesarem</span> <span class='ocrx_word' id='word_1_210' title='bbox 808 3128 1018 3214; x_wconf 77' lang='lat' dir='ltr'>Aug(ustuml</span> <span class='ocrx_word' id='word_1_211' title='bbox 1051 3126 1274 3193; x_wconf 84' lang='lat' dir='ltr'>Germanicum</span> 
     </span>
     <span class='ocr_line' id='line_1_28' title="bbox 92 3231 1274 3318; baseline 0.002 -23"><span class='ocrx_word' id='word_1_212' title='bbox 92 3233 195 3299; x_wconf 86' lang='lat' dir='ltr'>faeere</span> <span class='ocrx_word' id='word_1_213' title='bbox 218 3237 372 3318; x_wconf 80' lang='lat' dir='ltr'>oportuit,</span> <span class='ocrx_word' id='word_1_214' title='bbox 406 3236 476 3318; x_wconf 78' lang='lat'><strong>(²⁸)</strong></span> <span class='ocrx_word' id='word_1_215' title='bbox 493 3258 530 3299; x_wconf 89' lang='lat' dir='ltr'>ea</span> <span class='ocrx_word' id='word_1_216' title='bbox 552 3238 661 3300; x_wconf 90' lang='lat' dir='ltr'>omnia</span> <span class='ocrx_word' id='word_1_217' title='bbox 683 3233 897 3318; x_wconf 70' lang='lat' dir='ltr'>impleratori)</span> <span class='ocrx_word' id='word_1_218' title='bbox 924 3231 1053 3296; x_wconf 85' lang='lat' dir='ltr'>Caesari</span> <span class='ocrx_word' id='word_1_219' title='bbox 1076 3231 1274 3315; x_wconf 86' lang='lat' dir='ltr'>Vespasiano</span> 
     </span>
     <span class='ocr_line' id='line_1_29' title="bbox 93 3339 597 3423; baseline 0.008 -22"><span class='ocrx_word' id='word_1_220' title='bbox 93 3339 271 3423; x_wconf 56' lang='lat' dir='ltr'>dogmate)</span> <span class='ocrx_word' id='word_1_221' title='bbox 294 3340 398 3404; x_wconf 85' lang='lat' dir='ltr'>faeere</span> <span class='ocrx_word' id='word_1_222' title='bbox 421 3340 532 3417; x_wconf 84' lang='lat' dir='ltr'>liceat;</span> <span class='ocrx_word' id='word_1_223' title='bbox 559 3378 597 3387; x_wconf 96' lang='lat'>-</span> 
     </span>
    </p>

    <p class='ocr_par' dir='ltr' id='par_1_8' title="bbox 92 3444 1274 3845">
     <span class='ocr_line' id='line_1_30' title="bbox 179 3444 1273 3531; baseline -0.003 -23"><span class='ocrx_word' id='word_1_224' title='bbox 179 3450 250 3519; x_wconf 80' lang='lat'><strong>(²⁹)</strong></span> <span class='ocrx_word' id='word_1_225' title='bbox 275 3448 385 3530; x_wconf 89' lang='lat' dir='ltr'>ntique</span> <span class='ocrx_word' id='word_1_226' title='bbox 408 3469 488 3531; x_wconf 88' lang='lat' dir='ltr'>quae</span> <span class='ocrx_word' id='word_1_227' title='bbox 511 3453 585 3510; x_wconf 88' lang='lat' dir='ltr'>ante</span> <span class='ocrx_word' id='word_1_228' title='bbox 608 3446 691 3509; x_wconf 90' lang='lat' dir='ltr'>hanc</span> <span class='ocrx_word' id='word_1_229' title='bbox 717 3445 820 3529; x_wconf 83' lang='lat' dir='ltr'>legem</span> <span class='ocrx_word' id='word_1_230' title='bbox 837 3447 985 3528; x_wconf 79' lang='lat' dir='ltr'>rogatam</span> <span class='ocrx_word' id='word_1_231' title='bbox 1008 3446 1080 3506; x_wconf 87' lang='lat' dir='ltr'>aeta</span> <span class='ocrx_word' id='word_1_232' title='bbox 1094 3445 1186 3525; x_wconf 81' lang='lat' dir='ltr'>gesta</span> <span class='ocrx_word' id='word_1_233' title='bbox 1202 3444 1273 3524; x_wconf 87' lang='grc'><strong>(33)</strong></span> 
     </span>
     <span class='ocr_line' id='line_1_31' title="bbox 92 3546 1273 3634; baseline -0.002 -23"><span class='ocrx_word' id='word_1_234' title='bbox 92 3549 218 3614; x_wconf 82' lang='lat' dir='ltr'>decreta</span> <span class='ocrx_word' id='word_1_235' title='bbox 249 3549 407 3634; x_wconf 89' lang='lat' dir='ltr'>imperata</span> <span class='ocrx_word' id='word_1_236' title='bbox 439 3552 479 3615; x_wconf 92' lang='lat' dir='ltr'>ab</span> <span class='ocrx_word' id='word_1_237' title='bbox 503 3552 695 3634; x_wconf 88' lang='lat' dir='ltr'>imperatore</span> <span class='ocrx_word' id='word_1_238' title='bbox 718 3549 852 3613; x_wconf 86' lang='lat' dir='ltr'>Caesare</span> <span class='ocrx_word' id='word_1_239' title='bbox 875 3546 1073 3631; x_wconf 86' lang='lat' dir='ltr'>Vespasiano</span> <span class='ocrx_word' id='word_1_240' title='bbox 1097 3546 1273 3630; x_wconf 72' lang='lat' dir='ltr'>Augtusto)</span> 
     </span>
     <span class='ocr_line' id='line_1_32' title="bbox 92 3651 1274 3739; baseline -0.004 -21"><span class='ocrx_word' id='word_1_241' title='bbox 92 3656 121 3735; x_wconf 83' lang='grc'>(3</span> <span class='ocrx_word' id='word_1_242' title='bbox 135 3656 163 3729; x_wconf 75' lang='grc'>3)</span> <span class='ocrx_word' id='word_1_243' title='bbox 186 3655 275 3719; x_wconf 85' lang='lat' dir='ltr'>iussu</span> <span class='ocrx_word' id='word_1_244' title='bbox 297 3657 489 3722; x_wconf 88' lang='lat' dir='ltr'>mandatuve</span> <span class='ocrx_word' id='word_1_245' title='bbox 512 3657 579 3720; x_wconf 90' lang='lat' dir='ltr'>eius</span> <span class='ocrx_word' id='word_1_246' title='bbox 602 3679 621 3719; x_wconf 92' lang='lat' dir='ltr'>a</span> <span class='ocrx_word' id='word_1_247' title='bbox 644 3676 770 3739; x_wconf 90' lang='lat' dir='ltr'>quoque</span> <span class='ocrx_word' id='word_1_248' title='bbox 793 3659 878 3731; x_wconf 83' lang='lat' dir='ltr'>sunt,</span> <span class='ocrx_word' id='word_1_249' title='bbox 902 3675 939 3717; x_wconf 88' lang='lat' dir='ltr'>ea</span> <span class='ocrx_word' id='word_1_250' title='bbox 962 3651 1092 3735; x_wconf 85' lang='lat' dir='ltr'>perinde</span> <span class='ocrx_word' id='word_1_251' title='bbox 1114 3651 1200 3714; x_wconf 91' lang='lat' dir='ltr'>iusta</span> <span class='ocrx_word' id='word_1_252' title='bbox 1222 3674 1274 3714; x_wconf 92' lang='lat' dir='ltr'>ra·</span> 
     </span>
     <span class='ocr_line' id='line_1_33' title="bbox 93 3759 1231 3845; baseline -0.002 -24"><span class='ocrx_word' id='word_1_253' title='bbox 93 3762 216 3844; x_wconf 74' lang='lat' dir='ltr'>taqlue)</span> <span class='ocrx_word' id='word_1_254' title='bbox 243 3760 313 3839; x_wconf 78' lang='grc'><strong>(33)</strong></span> <span class='ocrx_word' id='word_1_255' title='bbox 336 3760 412 3836; x_wconf 82' lang='lat' dir='ltr'>sint,</span> <span class='ocrx_word' id='word_1_256' title='bbox 436 3784 472 3825; x_wconf 85' lang='lat' dir='ltr'>ao</span> <span class='ocrx_word' id='word_1_257' title='bbox 496 3762 522 3825; x_wconf 89' lang='lat' dir='ltr'>si</span> <span class='ocrx_word' id='word_1_258' title='bbox 546 3761 654 3845; x_wconf 83' lang='lat' dir='ltr'>populi</span> <span class='ocrx_word' id='word_1_259' title='bbox 678 3759 820 3843; x_wconf 83' lang='lat' dir='ltr'>plebisve</span> <span class='ocrx_word' id='word_1_260' title='bbox 842 3759 930 3822; x_wconf 87' lang='lat' dir='ltr'>iussu</span> <span class='ocrx_word' id='word_1_261' title='bbox 954 3762 1025 3821; x_wconf 86' lang='lat' dir='ltr'>acta</span> <span class='ocrx_word' id='word_1_262' title='bbox 1048 3763 1162 3820; x_wconf 86' lang='lat' dir='ltr'>essent.</span> <span class='ocrx_word' id='word_1_263' title='bbox 1185 3775 1231 3820; x_wconf 71' lang='grc' dir='ltr'>Ν</span> 
     </span>
    </p>

    <p class='ocr_par' dir='ltr' id='par_1_9' title="bbox 495 3862 864 3950">
     <span class='ocr_line' id='line_1_34' title="bbox 495 3862 864 3950; baseline -0.003 -23"><span class='ocrx_word' id='word_1_264' title='bbox 495 3866 564 3950; x_wconf 85' lang='grc'><strong>(33)</strong></span> <span class='ocrx_word' id='word_1_265' title='bbox 587 3883 633 3927; x_wconf 71' lang='grc' dir='ltr'>ω</span> <span class='ocrx_word' id='word_1_266' title='bbox 655 3862 794 3926; x_wconf 84' lang='lat' dir='ltr'>Sanctio.</span> <span class='ocrx_word' id='word_1_267' title='bbox 817 3881 864 3926; x_wconf 74' lang='grc' dir='ltr'>ω</span> 
     </span>
    </p>

    <p class='ocr_par' dir='ltr' id='par_1_10' title="bbox 94 3965 1274 4264">
     <span class='ocr_line' id='line_1_35' title="bbox 180 3965 1274 4053; baseline -0.004 -20"><span class='ocrx_word' id='word_1_268' title='bbox 180 3970 254 4051; x_wconf 74' lang='grc'><strong>(33)</strong></span> <span class='ocrx_word' id='word_1_269' title='bbox 288 3967 320 4032; x_wconf 90' lang='lat' dir='ltr'>Si</span> <span class='ocrx_word' id='word_1_270' title='bbox 345 3970 416 4053; x_wconf 87' lang='lat' dir='ltr'>quis</span> <span class='ocrx_word' id='word_1_271' title='bbox 446 3969 577 4033; x_wconf 88' lang='lat' dir='ltr'>huiusce</span> <span class='ocrx_word' id='word_1_272' title='bbox 605 3968 687 4051; x_wconf 77' lang='lat' dir='ltr'>legis</span> <span class='ocrx_word' id='word_1_273' title='bbox 710 3989 787 4052; x_wconf 85' lang='lat' dir='ltr'>ergo</span> <span class='ocrx_word' id='word_1_274' title='bbox 811 3968 960 4030; x_wconf 86' lang='lat' dir='ltr'>adversus</span> <span class='ocrx_word' id='word_1_275' title='bbox 983 3966 1069 4049; x_wconf 86' lang='lat' dir='ltr'>leges</span> <span class='ocrx_word' id='word_1_276' title='bbox 1092 3965 1274 4047; x_wconf 85' lang='lat' dir='ltr'>rogationes</span> 
     </span>
     <span class='ocr_line' id='line_1_36' title="bbox 94 4069 1273 4159; baseline -0.003 -24"><span class='ocrx_word' id='word_1_277' title='bbox 94 4072 234 4154; x_wconf 84' lang='lat' dir='ltr'>plebisve</span> <span class='ocrx_word' id='word_1_278' title='bbox 267 4076 345 4138; x_wconf 82' lang='lat' dir='ltr'>scita</span> <span class='ocrx_word' id='word_1_279' title='bbox 382 4078 452 4159; x_wconf 79' lang='lat'><strong>(³⁵)</strong></span> <span class='ocrx_word' id='word_1_280' title='bbox 484 4081 652 4139; x_wconf 87' lang='lat' dir='ltr'>senatusve</span> <span class='ocrx_word' id='word_1_281' title='bbox 675 4072 822 4137; x_wconf 84' lang='lat' dir='ltr'>consult-a</span> <span class='ocrx_word' id='word_1_282' title='bbox 844 4071 919 4135; x_wconf 84' lang='lat' dir='ltr'>feeit</span> <span class='ocrx_word' id='word_1_283' title='bbox 943 4070 1068 4147; x_wconf 80' lang='lat' dir='ltr'>feeerit,</span> <span class='ocrx_word' id='word_1_284' title='bbox 1101 4070 1168 4132; x_wconf 91' lang='lat' dir='ltr'>sive</span> <span class='ocrx_word' id='word_1_285' title='bbox 1190 4069 1273 4152; x_wconf 92' lang='lat' dir='ltr'>quod</span> 
     </span>
     <span class='ocr_line' id='line_1_37' title="bbox 95 4170 1274 4264; baseline -0.002 -26"><span class='ocrx_word' id='word_1_286' title='bbox 95 4198 163 4243; x_wconf 89' lang='lat' dir='ltr'>enm</span> <span class='ocrx_word' id='word_1_287' title='bbox 187 4202 226 4243; x_wconf 83' lang='lat' dir='ltr'>ex</span> <span class='ocrx_word' id='word_1_288' title='bbox 251 4178 322 4264; x_wconf 85' lang='lat' dir='ltr'>lege</span> <span class='ocrx_word' id='word_1_289' title='bbox 346 4180 514 4262; x_wconf 77' lang='lat' dir='ltr'>rogatione</span> <span class='ocrx_word' id='word_1_290' title='bbox 538 4182 607 4259; x_wconf 81' lang='grc'><strong>(33)</strong></span> <span class='ocrx_word' id='word_1_291' title='bbox 632 4177 773 4262; x_wconf 87' lang='lat' dir='ltr'>plebisve</span> <span class='ocrx_word' id='word_1_292' title='bbox 796 4175 876 4239; x_wconf 90' lang='lat' dir='ltr'>scito</span> <span class='ocrx_word' id='word_1_293' title='bbox 892 4170 1274 4256; x_wconf 57' lang='lat' dir='ltr'>slenatuslvecmnsulto)</span> 
     </span>
    </p>
   </div>
   <div class='ocr_carea' id='block_1_3' title="bbox 133 4397 1065 4571">
    <p class='ocr_par' dir='ltr' id='par_1_11' title="bbox 133 4397 1065 4571">
     <span class='ocr_line' id='line_1_38' title="bbox 162 4397 970 4472; baseline -0.007 -15"><span class='ocrx_word' id='word_1_294' title='bbox 162 4406 190 4471; x_wconf 92' lang='grc'>1)</span> <span class='ocrx_word' id='word_1_295' title='bbox 209 4420 265 4472; x_wconf 89' lang='lat' dir='ltr'>que</span> <span class='ocrx_word' id='word_1_296' title='bbox 283 4418 332 4456; x_wconf 87' lang='lat' dir='ltr'>om.</span> <span class='ocrx_word' id='word_1_297' title='bbox 353 4432 386 4442; x_wconf 96' lang='lat'><em>-</em></span> <span class='ocrx_word' id='word_1_298' title='bbox 406 4402 433 4471; x_wconf 80' lang='lat'>2)</span> <span class='ocrx_word' id='word_1_299' title='bbox 452 4403 611 4455; x_wconf 87' lang='lat' dir='ltr'>humarum.</span> <span class='ocrx_word' id='word_1_300' title='bbox 632 4432 664 4439; x_wconf 97' lang='lat'>-</span> <span class='ocrx_word' id='word_1_301' title='bbox 684 4404 710 4470; x_wconf 85' lang='lat'>3)</span> <span class='ocrx_word' id='word_1_302' title='bbox 728 4415 787 4454; x_wconf 86' lang='lat' dir='ltr'>esse</span> <span class='ocrx_word' id='word_1_303' title='bbox 806 4416 821 4453; x_wconf 92' lang='lat' dir='ltr'>e</span> <span class='ocrx_word' id='word_1_304' title='bbox 839 4397 970 4453; x_wconf 81' lang='lat' dir='ltr'>censebit.</span> 
     </span>
     <span class='ocr_line' id='line_1_39' title="bbox 133 4503 1065 4571; baseline -0.003 -10"><span class='ocrx_word' id='word_1_305' title='bbox 133 4515 231 4571; x_wconf 61' lang='lat' dir='ltr'>muas,</span> <span class='ocrx_word' id='word_1_306' title='bbox 256 4514 344 4560; x_wconf 82' lang='lat' dir='ltr'>Fontes</span> <span class='ocrx_word' id='word_1_307' title='bbox 362 4513 428 4559; x_wconf 85' lang='lat' dir='ltr'>luris.</span> <span class='ocrx_word' id='word_1_308' title='bbox 466 4513 510 4560; x_wconf 84' lang='lat' dir='ltr'>Ed.</span> <span class='ocrx_word' id='word_1_309' title='bbox 529 4511 573 4560; x_wconf 84' lang='lat' dir='ltr'>VI.</span> <span class='ocrx_word' id='word_1_310' title='bbox 1032 4503 1065 4558; x_wconf 89' lang='grc'>13</span> 
     </span>
    </p>
   </div>
   <div class='ocr_carea' id='block_1_4' title="bbox 0 0 1500 5040">
    <p class='ocr_par' dir='ltr' id='par_1_12' title="bbox 0 0 1500 5040">
     <span class='ocr_line' id='line_1_40' title="bbox 0 0 1500 5040; baseline 0 0"><span class='ocrx_word' id='word_1_311' title='bbox 0 0 1500 5040; x_wconf 95' lang='lat' dir='ltr'> </span> 
     </span>
    </p>
   </div>
  </div>
 </body>
</html>
