2992 5040
539 333 593 388 Lex
613 333 685 387 Iulio
707 332 832 388 Vellaeo.
1211 336 1273 399 119

294 513 347 578 24.
382 512 466 577 Lex
490 511 614 575 lunia
637 512 836 588 Vellaeo,
872 533 899 575 e.
924 511 966 574 28
991 534 1019 594 p.
1045 510 1077 574 Ο.

174 652 283 704 Videtur
306 651 371 705 tare
396 650 438 704 len
456 635 600 704 noemma
623 666 676 703 esee
696 666 802 715 carane,
831 665 899 717 ptrue
916 649 954 702 ud
967 649 1097 717 poputum
1117 650 1188 703 latae
1204 655 1276 714 eant,

96 742 194 794 eer'tr'eet
212 740 362 807 imperante
383 737 488 791 Tiberia
507 755 531 789 a.
551 740 601 811 78t
620 740 668 802 (28
684 756 710 804 p.
733 736 784 796 0.).
814 735 856 804 Of.
877 736 932 790 Mo.
952 736 989 789 ad
1001 735 1037 787 D.
1050 739 1182 802 26,2,10,2
1199 743 1224 790 et
1241 735 1278 788 ud

99 826 159 881 0.1.
173 825 207 879 L.
221 826 249 892 V,
260 830 309 879 517
328 843 352 878 n.
365 829 441 879 4921.
470 823 583 877 Restant
595 823 715 887 trnetrdu
727 828 832 875 tanturn
844 823 974 890 quaedam
986 825 1016 876 ia
1028 823 1276 889 D.28,2,29,12.1e.

37 940 41 951 ·
98 914 191 981 quun
221 911 373 980 neppleadie
399 927 506 979 operam
530 909 673 963 dederunt:
704 909 917 964 Mnettenbrnet
942 909 1063 974 (thealr‚
1088 913 1276 974 tonat-36),

105 1001 247 1070 Vnnperam
266 1000 367 1063 (Pand.
383 1001 485 1062 2,220),
510 996 586 1052 Leia
607 998 679 1062 (barn.
699 1013 768 1066 pase.
787 1001 892 1064 2,241),
922 996 1041 1050 Schmidt
1069 997 1223 1060 (Nottrerbr.
1242 1002 1278 1051 30

100 1090 186 1146 -ert
225 1086 311 1140 Aliter
328 1102 375 1153 epo
393 1102 407 1137 e
425 1084 489 1152 Dip.
510 1085 589 1152 tepent
607 1086 744 1138 restituere
763 1093 873 1139 conatus
890 1103 955 1140 errat.

178 1210 199 1266 Ι.
231 1210 386 1282 (denerata
409 1209 426 1265 l.
456 1207 504 1265 VI
520 1212 647 1279 quaest:
678 1208 764 1266 Nune
790 1207 910 1284 detege
932 1208 1216 1278 Velteevideamus,
1239 1243 1276 1253 —

100 1311 129 1364 et
148 1305 266 1365 videtur
286 1304 413 1379 primum
436 1305 526 1377 eaput
546 1320 595 1360 eos
617 1305 759 1376 speeture,
781 1303 907 1377 quiret.
949 1304 996 1362 Ite
1018 1306 1107 1364 verbu
1128 1305 1225 1382 sunm)

185 1404 246 1478 tini
270 1402 362 1485 [aivis
388 1400 550 1464 Rornonus
574 1405 647 1484 post
670 1400 753 1464 hene
776 1402 877 1487 tegern
902 1404 1079 1487 rogatum]
1103 1408 1277 1466 testamen·

101 1516 163 1572 turn
200 1508 310 1584 feriet,
344 1507 371 1569 is
402 1527 510 1569 omnes
537 1504 636 1568 virilis
659 1526 769 1575 sexus,
805 1506 860 1590 qui
884 1507 911 1570 ei
936 1529 1012 1571 suus
1035 1507 1125 1571 heres
1149 1508 1276 1571 iuturus

103 1611 186 1690 erit¹‚
211 1611 357 1693 [heredes
372 1610 561 1674 instituendi
585 1610 827 1687 (nominetimve
843 1611 1069 1695 exheredandi)
1084 1616 1275 1694 potestatem

101 1718 249 1792 hebeto³3
280 1716 397 1801 quique
427 1715 557 1780 heredes
589 1715 731 1779 instituti
762 1715 998 1797 (exheredntive
1021 1718 1048 1780 it
1069 1716 1099 1792 i*
1123 1722 1225 1794 erunt,
1249 1718 1276 1780 si

101 1827 267 1886 nascentur
289 1824 515 1886 testamentum
539 1821 799 1903 ue1·umpnnto⁶]
825 1821 948 1885 etiamsi
966 1827 1097 1905 parente
1115 1822 1186 1884 vivo
1203 1844 1275 1885 nas-

102 1925 236 1991 centur⁶.
1223 2012 1225 2016 μ

183 2030 225 2096 ll.
266 2030 297 2094 Si
322 2031 392 2114 quie
424 2053 461 2093 ex
490 2031 556 2093 suis
579 2029 748 2094 heredibus
771 2053 848 2095 suus
871 2031 962 2095 heres
986 2054 1052 2095 esse
1076 2033 1213 2107 desierit,
1236 2032 1276 2094 li-

104 2136 162 2199 beri
187 2135 272 2200 eius⁷
299 2134 364 2220 [vel
390 2141 520 2218 nepotes
543 2135 760 2220 pronepotes⁸‚
786 2137 840 2219 qui
863 2137 993 2200 heredes
1016 2138 1156 2200 instituti
1173 2136 1276 2200 nomi·

104 2241 239 2304 natimve
262 2239 444 2303 exheredati
469 2244 572 2311 erunt,
607 2243 833 2302 testamentum
855 2261 894 2303 ne
918 2246 1111 2322 rumpnmto,
1144 2263 1222 2305 neve
1244 2242 1276 2304 id
1324 2242 1337 2262 ⁶

104 2345 140 2408 ob
162 2368 230 2409 enm
256 2366 322 2408 rem
345 2343 449 2407 minue
474 2349 577 2407 ratum
602 2349 679 2419 esto,
704 2342 804 2427 quod]
830 2343 864 2405 in
887 2344 989 2407 locum
1009 2367 1137 2408 suornm
1154 2346 1202 2408 eni
1220 2347 1276 2409 he·

103 2449 184 2514 redes
208 2449 406 2512 senemaud.

184 2627 235 2689 25.
273 2624 438 2689 Minora
468 2626 602 2709 legum
635 2626 898 2690 incertarum
930 2626 1186 2709 fragmenta.

392 2761 417 2801 a.
442 2747 596 2815 fraumentt
616 2748 764 2804 florentini
785 2762 852 2816 pere
874 2749 977 2804 antiae.

165 2869 193 2921 (J.
216 2869 238 2923 l.
258 2868 290 2922 L.
315 2872 389 2928 titt
414 2886 439 2920 u.
458 2873 591 2922 207208,
631 2869 675 2923 Ri.
697 2871 748 2922 tab.
767 2875 785 2923 3
803 2872 829 2922 A
847 2878 872 2925 et
893 2871 927 2923 B.
966 2872 1023 2940 Quo
1043 2872 1101 2925 loeo
1120 2876 1144 2922 et
1163 2875 1277 2935 ternpore

169 2993 194 3059 1)
214 2990 290 3045 Haeo
308 2998 356 3045 aut
372 2991 472 3044 similia
484 2992 563 3044 verba
575 2991 699 3045 addenda
710 2992 864 3060 suppeditat
878 2993 921 3045 leue
936 2992 1071 3057 Falcidia,
1083 3009 1168 3061 supra
1177 3010 1205 3060 p.
1220 2992 1276 3043 113.

103 3109 132 3117 —
150 3079 177 3147 2)
199 3079 233 3131 In
253 3076 316 3144 Dip.
335 3077 378 3130 teir
397 3077 507 3130 additur
526 3081 554 3131 et
573 3080 674 3140 cetere,
701 3086 765 3133 tuae
782 3085 930 3147 sequautur
948 3083 1044 3148 eapitr'e
1062 3081 1141 3134 uerba
1159 3085 1275 3133 extrema

101 3166 208 3220 etiamsi
227 3171 274 3219 eet.
294 3195 325 3204 —
346 3165 373 3234 3)
392 3165 425 3220 L.
444 3168 480 3218 29
498 3167 540 3218 at.
560 3170 640 3229 §15:
659 3165 800 3234 superiore
819 3166 911 3235 enpite
930 3168 962 3220 ut
981 3166 1068 3221 liceat
1080 3165 1193 3220 institui
1206 3182 1274 3219 non·

102 3253 164 3308 dum
184 3256 274 3314 natos,
293 3250 341 3320 qui
361 3268 422 3304 eum
438 3254 587 3305 noscentur
599 3252 641 3305 eui
654 3255 747 3316 erunt,
766 3253 908 3323 permittit
920 3253 996 3323 (lex).
1012 3285 1039 3293 -
1056 3255 1084 3316 4)
1096 3254 1133 3309 D.
1147 3255 1277 3320 28‚3,3‚1:

101 3342 144 3410 qni
165 3344 229 3411 poet
248 3340 451 3393 tentamentum
469 3339 576 3392 tectum
595 3340 624 3392 in
647 3337 707 3394 vitu
726 3342 892 3404 noscuntur,
922 3340 965 3396 ita
984 3340 1096 3395 demum
1116 3358 1165 3410 per
1184 3341 1276 3409 legem

102 3428 226 3483 Velleam
245 3442 374 3496 rumpere
386 3427 589 3479 testamentum
603 3425 798 3496 prohibentur,
812 3426 833 3479 ei
849 3427 1019 3481 nominatim
1036 3426 1093 3480 siut
1105 3425 1275 3480 exheredati.

99 3548 129 3555 —
148 3520 176 3583 5)
194 3515 232 3569 D.
251 3518 380 3581 28,5,6,1:
399 3517 512 3583 nepotes
531 3517 560 3567 et
579 3513 708 3582 deinceps
727 3514 819 3577 ueteri,
838 3513 885 3582 qui
905 3530 938 3567 ex
958 3513 1130 3583 legeVellee
1149 3513 1276 3568 instituti

99 3622 150 3659 uon
171 3605 308 3671 rumpunt
326 3603 508 3654 testamento,
528 3632 559 3641 -
579 3603 607 3670 a)
628 3601 705 3655 ntor.
719 3609 857 3669 corrupte:
878 3604 997 3656 vovente
1018 3605 1099 3670 petre
1119 3601 1192 3655 vivo.
1221 3600 1277 3652 Μο.

98 3691 160 3745 tara
178 3690 257 3745 rerba
284 3689 322 3742 ud
339 3690 417 3757 tepern
436 3691 568 3756 pertinere
587 3696 680 3758 nepot,
708 3695 737 3742 at
755 3689 790 3756 cs.
809 3695 825 3754 §
842 3694 885 3741 11:
913 3689 1003 3743 voluit
1023 3689 1090 3756 (lex)
1109 3688 1181 3742 vivis
1199 3689 1278 3743 nobie

99 3782 178 3832 notos
197 3807 232 3817 -
251 3795 306 3832 non
320 3793 455 3844 rumpere.
474 3780 546 3841 §15.·
565 3777 642 3844 isque
662 3779 795 3829 nascatur
814 3775 878 3831 vivo
897 3777 980 3844 patre
993 3794 1048 3830 suo.
1070 3807 1103 3815 -
1122 3776 1148 3844 7)
1161 3776 1198 3830 Ia
1211 3775 1277 3845 Dry.

96 3868 138 3920 tie
167 3875 197 3920 nt
215 3873 270 3921 aot.
288 3870 307 3919 2
324 3865 434 3919 additur
454 3868 483 3920 et
501 3867 609 3927 cetere,
638 3871 694 3917 turn
712 3871 860 3933 sequuntur
877 3865 973 3931 aupdtte
991 3863 1070 3916 verda
1088 3869 1218 3916 ertrema:
1248 3864 1277 3915 in

97 3953 186 4008 laeum
207 3961 253 4008 cet.
280 3983 312 3993 -
341 3953 370 4019 8)
389 3953 422 4007 L.
441 3958 477 4007 29
498 3954 641 4017 cir.§13.·
669 3952 794 4020 sequenti
814 3953 897 4022 perte
915 3982 949 3992 -
967 3951 1009 4005 itu
1033 3950 1278 4020 interpretandum

96 4045 151 4103 eet,
177 4045 210 4095 ut
228 4042 251 4095 si
270 4046 300 4096 et
318 4042 406 4095 tilium
432 4044 461 4095 et
479 4043 610 4110 nepotem
629 4043 658 4095 et
676 4044 858 4109 pronepotem
878 4039 983 4094 hebens
1003 4047 1049 4093 eet.
1079 4071 1112 4078 —
1140 4040 1169 4108 9)
1189 4039 1222 4092 L.
1242 4043 1278 4092 29

95 4134 176 4194 §1:5:
202 4127 355 4197 posteriore
373 4128 467 4198 cupite
486 4145 540 4183 non
561 4127 702 4197 permittit
720 4127 848 4189 institui,
875 4126 922 4180 eed
943 4129 1023 4181 vetut
1041 4125 1137 4196 rumpi·
1154 4143 1223 4180 neve
1242 4126 1277 4179 ob

95 4232 157 4270 eom
176 4234 234 4271 rem
254 4216 346 4269 minus
365 4219 458 4269 retum
478 4219 567 4279 emet,
595 4215 668 4283 quod
688 4214 824 4282 euecedit;
853 4215 889 4267 1).
909 4218 1029 4281 28,3,13.·
1057 4212 1223 4268 nominatim
1242 4242 1277 4251 -

96 4308 228 4374 nepotem
260 4333 292 4343 -
320 4319 430 4359 neeesse
455 4306 496 4357 eet
515 4333 548 4342 -
567 4300 715 4355 instituere
744 4300 786 4354 vel
811 4300 980 4355 exheredare
1002 4319 1036 4355 ne
1055 4332 1088 4340 -
1107 4297 1278 4354 succedendo

96 4420 129 4430 -
147 4392 271 4462 rumpet.
296 4421 323 4429 -
345 4390 428 4460 idque
448 4390 509 4458 lege
530 4389 611 4443 lunio
631 4387 728 4442 Vellen
748 4387 891 4457 provisum
911 4391 963 4442 eet.
