2992 5040
632 328 753 384 Pecunia
772 331 858 383 certa.

553 593 622 659 129.
660 599 688 656 0.
715 599 917 656 conpendiis

682 748 709 790 a.
738 724 810 788 167.

229 864 257 918 o.
280 865 303 917 1.
324 864 350 918 a
377 867 463 931 sors,
491 863 564 916 xri.
601 862 632 915 a
648 863 721 930 ispi.
744 861 853 917 riano.
872 863 925 916 ui.
945 862 977 929 1,·
996 861 1034 914 11
1047 866 1072 915 e
1091 860 1146 914 111
1157 862 1305 930 mount.
1342 901 1344 907 .

243 987 327 1052 Vero
354 987 402 1052 III
427 988 591 1066 Quadrato
622 1008 706 1051 cons.
737 985 803 1051 1111
826 985 889 1050 kal.
915 984 1022 1050 Iunias
1048 984 1094 1071 (²)
1121 985 1150 1050 X
1181 987 1340 1072 quinque·

155 1092 293 1179 gintsL
327 1092 581 1157 commcndabos¹
618 1090 727 1176 Lupus
750 1091 945 1177 Ca(³)renlis
969 1091 1106 1156 dixisse
1129 1093 1285 1176 accepisse
1309 1099 1341 1159 el

155 1197 276 1280 accepit
299 1220 318 1259 s
335 1194 418 1260 Iulio
443 1198 491 1276 (⁴)
508 1193 735 1282 [Al]exandro‚
760 1217 839 1279 quos
863 1196 891 1260 ei
916 1195 1044 1260 reddere
1063 1193 1183 1283 deb[e]t
1206 1197 1255 1282 (⁵)
1272 1199 1341 1263 sine

155 1301 222 1365 ulla
245 1300 471 1365 controversia.

247 1407 294 1490 (⁰)
318 1405 435 1471 Actum
463 1403 641 1491 Albur[ao]
669 1406 780 1469 maiori
806 1455 890 1469 ....

548 1608 645 1688 †130.
680 1614 708 1668 ὓ.
727 1612 938 1698 Transeoripts.

227 1745 257 1800 0.
276 1745 302 1799 1.
317 1744 351 1800 L.
371 1749 463 1812 14,3b7
482 1763 510 1798 a.
529 1749 606 1798 3471.
647 1743 766 1797 Titulum
789 1750 922 1812 repertam
940 1747 969 1797 ia
987 1761 1053 1813 apro
1075 1745 1218 1799 Tiburtino
1234 1746 1341 1813 primus

152 1834 237 1887 edidit
249 1833 296 1901 qui
305 1832 444 1900 descripsit
454 1831 609 1885 Zdekaaer:
628 1831 690 1885 buil.
701 1831 762 1884 ddl'
772 1831 834 1884 inst.
844 1831 873 1884 di
883 1848 950 1885 corr.
960 1832 1032 1886 areb.
1047 1835 1115 1886 1882
1123 1851 1152 1902 p.
1162 1835 1222 1886 252.
1244 1833 1342 1900 Nuper

153 1921 268 1975 contulit
280 1919 409 1973 Huelsea.
434 1919 572 1973 Restituta
587 1936 638 1986 per
649 1935 709 1972 eum
721 1935 784 1971 vera
792 1919 866 1971 tituli
878 1919 994 1986 lectione,
1011 1919 1043 1973 de
1055 1919 1274 1987 interpretatione
1285 1921 1343 1974 iam

154 2008 278 2062 diibitari
297 2022 351 2060 nori
362 2012 458 2073 potest.
491 2006 619 2072 Praedia,
640 2006 739 2059 scilicet
759 2023 790 2058 ea
808 2006 872 2072 ipsa
890 2007 920 2058 iri
932 2007 1031 2075 quibus
1049 2008 1146 2060 titulus
1157 2007 1282 2061 iuventus
1294 2013 1340 2073 est,

154 2096 316 2163 subsipnata
335 2095 478 2147 ostendunt
496 2093 593 2162 apide
611 2093 707 2146 debitis
723 2093 857 2159 publicis,
887 2094 942 2146 sire
956 2095 1059 2161 populo
1079 2095 1202 2148 Romatio
1222 2095 1276 2148 duo
1294 2112 1341 2147 ao·

153 2184 231 2236 iniria
243 2184 308 2236 baec
319 2182 482 2236 debebantur
494 2182 549 2234 siae
565 2181 740 2234 Praenestino
752 2181 832 2234 aliiae
845 2182 1013 2249 municipali.
1040 2183 1155 2237 Debitor
1164 2184 1220 2249 fuit
1237 2181 1264 2235 0.
1279 2180 1343 2236 Cae·

154 2269 239 2339 [sius]
251 2270 361 2324 Bassus
371 2273 459 2338 (oriem
467 2270 538 2322 nibil
547 2269 658 2336 inpedit
667 2269 811 2336 quominus
820 2269 966 2322 babeamus
974 2286 1028 2337 pro
1038 2271 1124 2323 amieo
1137 2269 1254 2336 Persii);
1261 2287 1342 2337 prae·

154 2358 203 2411 dia
221 2359 281 2411 eius
293 2357 375 2410 debiti
394 2373 479 2410 causa
498 2358 660 2426 subsipuata
677 2357 788 2423 fueruat
801 2358 836 2410 A.
850 2355 936 2410 Furii
950 2355 1054 2429 Rprji.
1080 2359 1186 2411 Eorum
1203 2359 1343 2410 domiuum

153 2461 214 2497 eum
233 2444 292 2498 dies
310 2445 430 2510 nemesii,
450 2445 553 2498 debitor
571 2451 660 2498 autera
678 2445 782 2510 absens,
804 2451 832 2496 ut
851 2445 891 2498 ait
905 2445 1008 2510 titulus,
1027 2462 1082 2498 riori
1095 2447 1211 2513 solveret,
1234 2447 1343 2499 aerario

155 2533 202 2599 qui
217 2537 365 2598 praeerant
384 2548 444 2585 cum
457 2533 577 2600 praedia
593 2533 643 2585 iiia
662 2532 771 2585 omdere
784 2539 910 2599 possent,
940 2549 969 2586 eo
986 2533 1047 2587 iure
1064 2550 1119 2586 riori
1137 2535 1183 2588 usi
1204 2539 1275 2599 suat,
1296 2533 1344 2588 sed

156 2619 402 2686 transscripserunt
419 2621 531 2673 aomina
549 2620 598 2673 illa
617 2638 634 2672 a
653 2620 770 2673 debitore
788 2619 818 2671 ia
837 2619 976 2672 (laurinum
991 2620 1176 2689 praediorum,
1196 2621 1344 2674 seeundum

153 2712 326 2773 praeceptum
347 2705 414 2760 Gaii
431 2711 528 2772 3,130:
554 2725 571 2760 a
590 2724 711 2776 persona
736 2707 764 2759 in
784 2723 931 2775 personam
959 2704 1192 2775 transcriptioni
1213 2707 1301 2762 veluti
1319 2707 1343 2760 si

156 2791 184 2845 io
204 2792 279 2861 quod
299 2793 368 2845 mihi
388 2792 477 2844 'litias
500 2792 598 2857 debeb,
628 2791 681 2845 libi
700 2791 729 2846 id
749 2809 900 2862 expensum
921 2793 1027 2855 tulero,
1053 2792 1081 2846 id
1101 2795 1144 2848 esi
1163 2792 1187 2847 si
1205 2793 1295 2847 Titius
1315 2797 1344 2847 te

157 2878 335 2948 delegaverit
359 2878 444 2941 mihi,
475 2880 531 2933 uisi
555 2881 627 2949 quod
646 2879 739 2946 Rufus
760 2881 863 2933 debitor
879 2881 971 2947 faetus
989 2886 1028 2933 est
1047 2897 1101 2933 aori
1119 2897 1152 2934 ee
1170 2880 1342 2949 delepatione,

157 2968 204 3020 sed
230 2968 289 3020 sola
312 2966 454 3019 creditoris
479 2967 717 3033 transsumptione,
743 2967 774 3018 id
797 2967 870 3034 quod
887 2967 947 3019 iure
960 2968 1147 3033 praediatorio
1166 2968 1293 3021 creditori
1312 2969 1343 3020 li-

156 3055 245 3108 (uisse
273 3054 329 3107 iam
355 3061 474 3121 apparet.
512 3054 605 3121 Rufus
630 3072 691 3108 cum
708 3055 819 3108 uomina
838 3055 887 3108 illa
905 3056 1027 3109 sciuisset
1044 3057 1135 3124 itaque
1149 3056 1268 3123 praedia
1282 3057 1342 3108 libe·

158 3143 280 3206 raoisset‚
299 3158 333 3195 ue
346 3147 442 3208 postea
461 3142 493 3195 de
510 3142 548 3194 iis
566 3143 601 3194 lis
620 3142 674 3194 sibi
691 3149 838 3195 morieretur
853 3143 884 3195 id
895 3142 987 3209 ipsum
1006 3143 1035 3195 iri
1053 3144 1090 3196 iis
1105 3143 1239 3209 perscribi
1252 3143 1342 3208 iussit,

156 3230 295 3296 subscripto
315 3229 352 3282 ad
370 3229 515 3282 solutiones
530 3247 623 3283 earum
635 3247 716 3284 aurw.
749 3231 854 3283 Eorum
867 3243 1003 3283 annorum
1015 3231 1046 3283 de
1059 3231 1142 3283 altero
1154 3229 1277 3283 dubitari
1290 3246 1344 3282 noa

149 3322 249 3383 potest:
262 3317 384 3382 priorem
402 3317 449 3369 oie
468 3317 556 3370 licebit
574 3319 672 3383 referre
690 3318 728 3371 ad
740 3336 765 3370 a.
776 3322 818 3379 46,
839 3335 899 3370 cum
918 3318 990 3386 quod
1008 3318 1045 3371 ad
1064 3317 1190 3385 collepam
1208 3316 1249 3370 M.
1264 3316 1344 3370 Iunii

158 3403 249 3456 Silam
268 3403 305 3456 D.
323 3406 366 3468 (ut
386 3403 502 3470 videtur)
522 3404 658 3458 Valerium
676 3405 832 3458 Asiaticam
849 3406 962 3474 oestipia
976 3405 1087 3459 seouadi
1104 3405 1224 3458 nominis
1242 3404 1287 3472 (Λ
1301 3406 1343 3458 de·

154 3491 309 3556 beientibus
328 3491 424 3543 deiude
437 3491 533 3543 litteris
546 3492 652 3544 circiter
665 3493 794 3559 quinque)
804 3509 905 3559 partim
918 3493 1063 3560 quadraret,
1077 3497 1251 3558 tumpropter
1262 3492 1343 3544 iuter-

158 3579 257 3631 oallum
275 3579 397 3632 decerirdi
415 3580 445 3631 ia
465 3580 514 3631 tuli
532 3595 560 3631 re
578 3579 710 3637 nimium:
730 3580 816 3647 raapis
834 3580 994 3633 crediderim
1006 3580 1129 3646 suffectos
1142 3595 1199 3633 esse
1212 3579 1282 3632 anai
1294 3579 1344 3632 ati·

158 3666 238 3718 euius
251 3683 270 3718 a
281 3665 398 3718 secundo
412 3682 464 3718 riori
486 3666 561 3731 lonpe
581 3667 680 3718 remoti.
718 3665 746 3718 V.
761 3669 804 3719 5.b'
822 3683 881 3719 eum
900 3667 1053 3721 litteratura
1071 3667 1186 3720 declaret
1200 3671 1264 3733 post
1283 3671 1344 3720 tem·

154 3769 210 3819 pus
234 3753 353 3806 adiectos
380 3770 449 3818 esse,
475 3753 530 3805 tirio
555 3753 667 3805 aomiiio
692 3755 722 3804 ia
737 3754 831 3819 priore
849 3755 922 3807 tituli
936 3759 1016 3821 pade
1031 3755 1184 3821 perscripta
1202 3751 1347 3805 ostendant

158 3856 216 3892 eum
234 3856 264 3892 eo
282 3841 395 3893 coasilio
413 3840 531 3893 imisam
552 3856 616 3905 esse,
637 3846 667 3892 ut
685 3841 712 3892 ei
720 3841 856 3907 posterior
869 3841 1014 3894 adderetur
1032 3841 1119 3893 soluta
1133 3856 1238 3893 sumnia
1251 3840 1343 3892 altera.

159 3957 192 3965 —-
210 3931 227 3979 5
243 3927 291 3992 fia,
311 3932 364 3981 etb'
383 3929 450 3995 quid
466 3929 565 3993 suerit,
585 3945 639 3979 arm
659 3933 781 3994 apparea
799 3929 928 3995 irpebatur
944 3929 1061 3993 fortusse
1080 3927 1112 3980 de
1130 3927 1262 3979 solutione
1281 3943 1345 3978 usti-

160 4029 261 4066 raram.
324 4062 330 4073 ,

230 4208 258 4274 l)
270 4207 308 4260 D.
319 4210 421 4273 16,3,24
430 4225 491 4275 pa:
510 4210 622 4261 centurn
642 4239 674 4246 -
687 4208 889 4263 commendasti
902 4240 946 4264 -.
966 4207 1106 4277 Respondi
1121 4201 1242 4278 depositi
1256 4209 1343 4263 actio·

159 4310 220 4349 nem
239 4294 332 4350 iocum
353 4295 469 4361 babere3
488 4293 556 4362 quid
576 4299 619 4348 est
638 4295 713 4349 enim
734 4296 812 4349 alind
832 4296 1036 4359 commendare,
1054 4314 1140 4365 qnam
1154 4294 1320 4364 deponere?
