2992 5040
690 114 799 171 Festus.
1296 123 1339 187 25
1383 202 1388 211 Ι

155 291 276 377 au[tcm
307 293 353 356 iia
375 292 457 356 solis
479 289 570 376 dari]
603 291 668 356 ius¹
694 293 828 376 pomerii
851 293 1049 376 proferendi,
1085 292 1159 379 [qui
1179 297 1338 377 populum

157 395 337 460 Romanum
359 418 437 478 apro
461 398 499 460 de
521 398 668 462 hostibus
690 404 784 477 copto
810 404 981 462 auxerunt.
1008 396 1061 485 -]
1086 400 1125 466 F.
1142 405 1219 465 249.
1266 400 1337 465 Ρο-

155 500 414 566 simerium²
448 501 631 585 pontificale
660 503 878 584 pomoerium,
916 503 969 566 ubi
1000 503 1167 587 pontifices
1191 507 1334 590 auspica-

158 607 284 684 bantur,
307 606 427 670 dictum
451 611 557 670 autem
580 607 779 688 pomoerium
802 608 894 690 quasi
910 607 1127 691 promurium³
1150 609 1183 673 id
1198 615 1248 674 est
1263 632 1338 695 pro·

155 714 277 777 ximum
299 733 401 776 muro.
447 713 482 774 P.
508 715 587 776 248.

156 815 426 881 Possessio⁴
451 820 509 891 est,
533 820 569 878 ut
593 814 705 879 definit
729 813 843 880 Gallus
868 815 990 894 Aelius,
1014 839 1090 881 usus
1113 817 1241 901 quidam
1267 817 1338 903 agri

157 928 212 986 ant
235 922 368 1001 aedifici,
392 944 455 986 non
478 921 546 1005 ipse
568 920 688 984 fundus
716 925 774 984 aut
797 943 889 1007 agen
914 943 976 985 non
1001 922 1086 986 enim
1110 922 1266 1005 possessio
1290 927 1338 986 est

157 1026 219 1112 [e]⁶
242 1028 337 1092 rebus
360 1049 442 1112 quac
464 1027 556 1111 tangi
580 1031 716 1109 possunt
749 1024 817 1114 [nec
841 1025 977 1111 aueum]⁸‚
1001 1026 1056 1111 qui
1079 1027 1157 1091 dicit
1180 1049 1213 1090 se
1235 1027 1337 1110 possi·

156 1133 238 1208 dere,
262 1131 306 1196 is’
330 1154 402 1197 vere
424 1136 529 1216 potest
546 1132 658 1195 dicere.
695 1130 809 1215 Itaque
831 1133 864 1195 in
880 1132 1035 1216 legitimis
1051 1132 1230 1198 actionibus
1245 1153 1338 1197 nemo

156 1259 193 1301 ex
216 1236 268 1301 his
290 1237 362 1321 qui⁸
386 1236 617 1320 possessionem
643 1258 732 1300 suam
751 1257 862 1301 vocare
879 1237 984 1310 audet,
1009 1239 1062 1302 sed
1079 1239 1118 1302 ad
1134 1236 1338 1301 interdictum

156 1343 259 1419 venit,
290 1345 328 1406 ut
351 1346 479 1424 praetor
511 1340 562 1404 his
585 1340 692 1404 uerbis
716 1345 841 1405 utatur:
872 1341 941 1408 ‘Uti
965 1365 1049 1407 nunc
1073 1343 1242 1428 possidetis
1265 1363 1337 1406 eum

156 1446 333 1523 sandow,
365 1446 455 1530 qluo)
480 1445 545 1530 d(e)
571 1445 727 1530 valgiter),
760 1447 844 1530 quod
867 1469 925 1511 nec
948 1448 979 1510 vi
1002 1469 1058 1511 nec
1080 1447 1162 1511 clam
1186 1468 1243 1511 nec
1266 1468 1339 1529 pre-

156 1552 240 1617 cario
263 1550 345 1616 alter
368 1551 409 1615 ab
432 1551 533 1615 altero
559 1550 746 1634 possidetis,
781 1549 861 1636 [quo
884 1550 1045 1634 minus10]
1068 1553 1115 1615 ita
1138 1551 1336 1635 possideatis,

156 1657 305 1721 adversus
328 1679 366 1722 ea
388 1657 452 1720 vim
475 1657 546 1721 fieri
572 1659 666 1720 veto!
714 1657 754 1720 F.
777 1660 855 1721 233.

158 1760 267 1826 Poss
279 1783 322 1826 es
334 1783 349 1825 a
361 1763 371 1825 i
385 1784 404 1826 o
416 1785 436 1826 n
450 1783 467 1826 e
479 1784 494 1825 s
517 1760 725 1844 appellantur
748 1761 819 1840 agri
842 1760 907 1825 late
923 1765 1082 1844 patentes¹
1096 1765 1106 1800 ¹
1135 1759 1254 1842 publici
1271 1764 1337 1844 pri·

157 1867 294 1950 vatique,
317 1866 433 1950 quia¹²
461 1888 525 1929 non
542 1865 781 1948 mancipatione
796 1866 849 1931 sed
866 1888 926 1929 usu
941 1864 1132 1930 tenebantur
1148 1871 1180 1930 et
1196 1871 1233 1929 ut
1249 1866 1336 1951 quis·

156 1976 256 2055 que¹³
282 1976 501 2054 occupaverat,
525 1970 707 2034 colebat¹⁴.
753 1970 793 2035 F.
818 1974 893 2034 241.

156 2076 266 2141 Post
288 2075 524 2140 liminium
548 2079 788 2158 receptum
813 2073 924 2138 Gallus
942 2074 1051 2138 Aelius
1074 2074 1108 2137 in
1132 2074 1215 2139 libro
1233 2075 1336 2158 primo

156 2181 436 2262 significationum,
460 2201 542 2263 qirae
565 2177 604 2241 ad
629 2177 678 2241 ius
702 2179 872 2260 pertinent,
897 2180 943 2242 ait
967 2200 1034 2243 esse
1056 2200 1139 2255 eum,
1164 2178 1220 2263 qui
1243 2177 1333 2253 liber,

156 2310 193 2351 er
217 2309 281 2371 qna
303 2285 433 2350 civitate
455 2284 488 2346 iu
513 2283 608 2347 aliam
634 2283 796 2347 civitatem
818 2283 952 2361 abierat,
975 2283 1009 2347 in
1025 2284 1156 2348 eandem
1172 2284 1335 2348 civitatem

156 2392 237 2456 redit
260 2413 297 2456 eo
320 2391 399 2463 iure,
423 2387 508 2472 quod
532 2388 744 2451 constitutum
769 2392 817 2451 est
840 2389 877 2453 de
901 2388 1112 2472 postliminis;
1136 2390 1213 2453 item
1235 2389 1331 2472 qui¹⁶

156 2518 262 2561 servos
294 2494 429 2559 anobis
453 2493 486 2555 in
510 2491 651 2555 hostium
677 2496 867 2575 potestatem
891 2495 1052 2576 pervenit,
1081 2499 1192 2577 postea
1215 2495 1255 2559 ad
1278 2517 1335 2560 nos

157 2601 238 2665 redit
260 2601 295 2664 in
319 2599 386 2663 eius
412 2601 615 2682 potestatem,
640 2597 729 2661 cuius
752 2603 847 2661 antea
862 2597 935 2673 fuit,
958 2599 1027 2662 iure
1044 2598 1237 2681 postlimini:
1262 2600 1335 2684 equi

156 2710 186 2769 et
200 2703 281 2768 muli
296 2707 329 2768 et
344 2701 435 2766 navis
451 2701 562 2764 eadam
580 2701 664 2764 ratio
680 2705 728 2764 est
744 2706 816 2783 post
828 2701 988 2766 liminium
1006 2704 1194 2786 receptionis
1211 2708 1330 2788 quae¹⁶

155 2810 246 2874 servi.
292 2807 380 2884 Quae
409 2828 527 2891 genera
560 2827 665 2870 rerum
696 2804 736 2869 ab
761 2805 909 2869 hostibus
936 2807 976 2870 ad
999 2828 1058 2871 nos
1080 2813 1153 2890 post
1176 2808 1335 2873 liminium

226 2967 254 3034 1)
272 2982 320 3018 rus
338 2963 393 3018 cod
415 2992 447 3002 -
466 2963 494 3027 2)
513 2959 689 3031 posimirium
708 2959 776 3014 GM.
797 2988 831 2999 -
848 2961 877 3027 8)
891 2960 1062 3029 promorinm
1077 2963 1117 3015 Μ.
1136 2994 1171 3002 -
1189 2965 1216 3025 4)
1230 2963 1335 3018 Delroc

154 3063 178 3108 et
194 3052 314 3121 sequenti
332 3051 389 3104 loco
407 3051 517 3117 scripsit
538 3048 674 3111 Huschke,
703 3048 746 3100 uo.
765 3048 790 3100 d.
811 3047 892 3102 Stella
909 3049 935 3104 d.
955 3048 1041 3103 Varro
1060 3066 1083 3104 v.
1103 3050 1128 3103 el.
1148 3050 1207 3104 Lic.
1224 3068 1253 3120 p.
1267 3056 1333 3105 75-

154 3145 209 3195 116.
236 3170 272 3179 -
299 3139 325 3208 5)
345 3137 483 3203 Deficiunt
507 3139 538 3190 in
557 3137 637 3190 tiata
654 3136 710 3189 cod.
731 3136 836 3190 litterae
853 3135 923 3189 duee
938 3137 1068 3205 pluresve.
1100 3167 1127 3178 -
1157 3138 1187 3204 6)
1207 3139 1333 3210 [Hiertam

154 3229 252 3283 codicis
270 3227 374 3294 exprleus'
390 3241 436 3294 epo
454 3224 541 3277 verbis
559 3239 609 3277 nec
627 3239 725 3286 suum;
745 3240 834 3292 nsque
848 3227 991 3292 proposcit
1007 3223 1144 3289 Comedus.
1163 3243 1216 3294 quo
1233 3233 1334 3282 retento

154 3332 215 3369 mox
230 3330 282 3383 pro
301 3313 344 3366 his
363 3328 427 3366 uere
447 3311 603 3365 Husctln'us
622 3310 705 3363 scribi
723 3313 803 3364 iussit
821 3309 845 3364 ia
863 3327 942 3365 suam
962 3328 1029 3366 rem.
1057 3311 1108 3365 Tu.
1122 3313 1173 3384 Μ.]
1193 3345 1226 3353 -
1245 3317 1273 3382 7)
1291 3313 1333 3368 his

154 3403 207 3457 cod.
234 3430 269 3441 -
291 3400 320 3464 8)
340 3415 372 3452 ex
393 3399 435 3452 his
454 3398 513 3468 qui]
536 3413 569 3451 ex
588 3396 648 3450 iure
667 3395 818 3461 Quiritium
839 3399 1002 3467 susspendio
1020 3401 1089 3454 orale
1106 3401 1202 3455 solutes
1218 3401 1333 3456 scriben-

154 3491 216 3543 dum
234 3505 291 3543 esse
308 3489 443 3541 existimat
463 3485 628 3539 Huscbliua.
647 3513 682 3523 -
700 3484 728 3552 9)
750 3485 782 3536 ln
803 3485 839 3538 D.
859 3489 973 3552 43,17,12
994 3487 1042 3540 Uti
1061 3503 1108 3542 aas
1127 3487 1217 3542 aedes.
1236 3518 1270 3528 -
1291 3489 1333 3557 10)

152 3596 206 3647 quo
225 3576 317 3630 minus
336 3592 386 3628 our.
406 3573 471 3635 cod,
491 3572 588 3626 halcu
608 3570 646 3624 D.
666 3571 682 3623 l.
696 3588 718 3624 c.
736 3576 761 3624 et
779 3570 867 3625 Gaius
885 3575 972 3637 4,]60.
995 3605 1024 3614 -
1047 3575 1091 3644 11)
1111 3575 1185 3630 Plio.
1204 3577 1264 3631 bist.
1278 3583 1332 3630 siat.

152 3666 271 3729 18,6,3o.·
299 3660 466 3715 latifundia
486 3658 632 3728 perdidere
652 3658 776 3722 ltaliam,
794 3658 852 3712 iam
874 3676 938 3714 vero
957 3663 986 3713 et
1005 3661 1176 3729 provincias.
1212 3664 1264 3718 Sex
1283 3663 1330 3719 do·

153 3749 222 3805 mini
240 3749 381 3804 semissem
396 3747 507 3802 Africae
525 3745 715 3816 possidebant,
735 3763 799 3800 cum
813 3745 957 3800 interfecit
969 3764 1015 3802 eos
1030 3747 1104 3803 Nero
1117 3748 1255 3819 princeps.
1278 3751 1330 3805 Cic.

152 3837 184 3890 de
201 3837 247 3905 off.
265 3839 386 3902 22122·
414 3834 560 3902 Philippus
578 3863 621 3897 -,
648 3850 710 3887 cum
730 3833 821 3900 legem
842 3832 986 3902 agrariam
1005 3833 1100 3898 ferret,
1119 3864 1153 3874 -
1172 3834 1202 3888 in
1221 3838 1330 3906 agendo

153 3925 244 3978 multa
263 3922 454 3993 populariter.
481 3924 541 3974 tum
566 3920 638 3974 illud
658 3920 745 3975 male:
776 3937 831 3975 nou
851 3936 909 3975 esse
928 3921 957 3974 in
976 3921 1093 3976 civitate
1113 3921 1267 3978 duomilia
1286 3926 1331 3981 lro·

152 4011 269 4075 minum,
287 4013 336 4080 qui
354 4027 412 4064 rem
434 4009 581 4063 baberent.
602 4038 635 4048 -
658 4009 702 4073 12)
720 4010 761 4062 sic
777 4008 828 4061 eod
857 4039 887 4047 -
909 4008 951 4075 13)
970 4011 1017 4071 sic.
1036 4026 1091 4063 eron
1108 4010 1256 4080 quisquam
1275 4013 1331 4066 cod.

151 4128 186 4137 -
215 4099 258 4167 14)
276 4100 315 4152 sic
333 4098 471 4159 Niebuhr,
501 4095 653 4151 collidebat
671 4096 742 4155 cod..
770 4094 931 4165 possidebat
955 4097 1075 4152 Ursirrus.
1116 4100 1157 4167 Os.
1179 4100 1245 4155 Isiel.
1264 4103 1331 4170 orio.

153 4188 263 4251 15,13,3.
284 4215 314 4224 -
337 4187 379 4249 15)
396 4184 520 4254 itemque
538 4184 595 4237 cod.
615 4215 646 4222 -
669 4185 712 4253 16)
731 4182 868 4253 reciptum
888 4183 986 4253 isquae
1004 4185 1061 4237 cod.
