2992 5040
458 329 555 392 Varro,
577 329 611 384 de
629 330 730 399 lingua
750 330 861 395 Latina,
882 331 898 385 l.
922 332 951 387 V.
1259 335 1300 401 57

121 526 206 569 asses
221 505 309 582 dant,
325 506 439 589 stipem
456 508 574 585 dicunt,
592 514 624 572 et
641 511 694 592 qui
711 511 877 593 pecuniam
895 511 1018 595 alligat,
1042 513 1247 597 stipulari
1271 519 1303 577 et

122 608 397 693 restipulari.
445 610 576 681 Militis¹
601 615 760 698 stipendia
783 616 863 693 ideo,
888 617 972 701 quod
996 639 1065 682 eam
1089 619 1204 702 stipem
1225 640 1303 702 pen·

121 713 253 788 debant;
278 714 318 777 ab
341 736 378 778 co
401 716 499 780 etiam
522 719 648 783 Ennius
670 721 798 785 scribit:
823 721 933 786 ‘Poeni
956 722 1115 805 stipendia
1139 723 1301 806 pendunt'.

123 818 194 884 183.
229 816 282 882 Ab
310 820 418 884 eodem
452 843 524 886 aere
546 824 711 906 pendendo
744 825 1038 908 dispeusator,
1073 828 1160 891 etin
1184 827 1302 891 tabulis

121 924 288 988 scribimus
319 946 553 1015 expensum.
592 967 629 975 --
667 929 728 994 Per
751 932 905 995 trutinam
928 931 1010 996 solvi
1043 933 1174 996 solitum
1207 931 1302 996 vesti-

122 1029 211 1112 gium
234 1027 348 1094 etiam*
371 1053 455 1095 nnnc
480 1039 586 1097 manet
609 1034 640 1096 in
663 1035 738 1098 aede
764 1033 903 1112 Saturni,
928 1037 1012 1120 quod
1038 1060 1074 1100 ea
1099 1037 1194 1100 etiam
1220 1056 1304 1099 nuno

122 1138 253 1217 propter
278 1156 449 1218 pensuram
473 1140 629 1202 trutinam
654 1139 750 1203 babet
773 1141 920 1223 positam.

647 1330 729 1385 Liber
750 1329 796 1385 VI.

210 1454 239 1515 5.
275 1451 476 1536 Suprema
499 1476 657 1519 summurn
681 1457 760 1533 diei;
784 1458 815 1521 id
842 1458 881 1520 ab
908 1458 1093 1541 superrinro.
1129 1456 1199 1521 Hoc
1222 1462 1304 1521 tem·

123 1579 183 1641 pus
207 1556 269 1621 XII
285 1558 430 1623 tabulae³
456 1559 565 1624 dicunt
584 1584 728 1626 occasum
746 1584 814 1627 esse
830 1563 922 1631 solis:
947 1563 1000 1626 sed
1016 1567 1127 1645 postea
1143 1563 1193 1626 lex
1211 1560 1302 1626 Plae-

122 1661 220 1726 toria‘
246 1664 278 1728 id
302 1685 428 1748 quoque
452 1670 577 1749 tempus
601 1690 668 1730 esse
692 1668 780 1731 iubet
803 1689 997 1751 supremum,
1022 1688 1085 1751 quo
1101 1667 1246 1750 praetor⁶
1269 1667 1303 1730 in

121 1768 251 1832 comitio
274 1791 456 1852 supremam
481 1774 706 1855 pronuntiavit
729 1774 855 1856 populo.

212 1875 261 1937 ll.
294 1874 493 1940 Lustrum
518 1878 717 1940 nominatum
742 1881 866 1960 tempus
891 1877 1127 1960 quinquennale
1143 1900 1161 1940 a
1177 1876 1303 1951 luendo,

123 1977 153 2040 id
184 1983 233 2042 est
263 1979 430 2059 solvendo,
464 1982 546 2065 quod
578 1983 691 2065 quinto
714 2004 840 2066 quoque
863 2004 947 2046 anno
971 1982 1141 2064 vectigalia
1165 1985 1197 2044 ct
1216 1979 1303 2043 ultro

123 2083 246 2147 tributa
267 2106 324 2168 per
347 2107 491 2150 censores
515 2085 747 2152 solvebantur⁶.

213 2191 262 2254 13.
297 2189 572 2268 Terminalia,
597 2193 681 2276 quod
698 2193 725 2255 is
742 2194 807 2256 dies
824 2191 899 2256 anni
916 2197 1077 2256 extremus
1093 2190 1302 2264 constitutum

124 2292 326 2357 duodecimus
358 2297 441 2358 enim
466 2297 582 2360 mensis
606 2297 669 2360 luit
693 2295 901 2371 Februarius
935 2301 966 2359 ct
990 2317 1061 2358 cum
1085 2294 1304 2369 intercalatur,

124 2397 289 2463 inferiores
313 2401 454 2485 quinque
477 2401 546 2465 dies
569 2402 753 2465 duodecimo
777 2402 948 2465 demuntur
972 2421 1087 2463 mense.

211 2503 262 2568 29.
299 2503 393 2568 Dies
425 2504 518 2582 fasti,
550 2528 606 2589 per
639 2529 718 2589 quos
754 2506 953 2591 praetoribus
986 2505 1094 2568 omnia
1117 2503 1213 2567 verba
1236 2504 1303 2566 sine

125 2608 249 2691 piaculo
281 2609 355 2674 licet
385 2610 458 2673 fari.
504 2609 762 2674 comitiales
795 2611 882 2687 dicti,
917 2611 1000 2693 quod
1026 2614 1094 2672 tum
1130 2613 1166 2671 ut
1188 2606 1301 2671 coiret²

125 2714 260 2796 populus
284 2714 492 2778 constitutum
518 2720 566 2777 est
590 2715 627 2777 ad
652 2715 839 2796 suffragium
865 2713 1054 2788 ferundum
1087 2713 1149 2777 nisi
1173 2713 1199 2776 si
1223 2733 1304 2795 quae

125 2817 221 2883 feriae
245 2825 416 2902 conceptae
439 2824 557 2894 essent,
594 2825 725 2902 propter
748 2842 827 2902 quas
851 2842 914 2884 non
937 2820 1060 2894 liceret,
1091 2816 1151 2880 ut⁸
1175 2816 1303 2901 Compi·

125 2922 202 2987 talia
233 2927 266 2986 et
294 2922 457 2988 Latinae⁹.
504 2927 554 2989 30.
596 2922 757 2988 Contrarii
790 2925 905 2987 horum
937 2929 1090 2987 vocantur
1119 2923 1208 2985 dies
1239 2944 1303 2986 ne-

125 3028 250 3106 fasti,
281 3049 338 3111 per
367 3052 446 3113 quos
470 3030 536 3093 dies
559 3030 649 3094 nefas
673 3030 733 3092 fari
758 3035 952 3112 praetorem:
986 3028 1046 3102 ‘do,
1071 3027 1149 3102 diac,
1174 3027 1301 3091 addico'.

124 3130 237 3217 Itaque
259 3153 322 3196 non
347 3138 452 3216 potest
475 3134 543 3218 agi:
578 3155 702 3198 necesse
726 3134 809 3197 enim
836 3133 992 3216 aliquo¹⁰
1019 3131 1067 3194 uti
1092 3130 1200 3207 verbu,
1233 3153 1303 3195 cum

195 3361 220 3421 1)
240 3357 344 3411 milites
363 3358 396 3411 F.
418 3387 451 3396 —
470 3357 497 3426 2)
516 3357 574 3410 iam
594 3357 629 3411 F.
651 3388 680 3396 -
702 3359 730 3423 3)
748 3374 770 3412 u.
785 3363 845 3410 tour.
862 3357 881 3410 I
892 3376 920 3425 p.
941 3362 974 3410 18
992 3357 1107 3423 totam.
1130 3386 1158 3395 -
1179 3359 1205 3421 4)
1225 3373 1305 3424 praa·

125 3445 199 3501 toria
217 3443 253 3499 F.
290 3443 333 3497 De
351 3445 405 3513 laps
424 3445 562 3497 Plaetorio
579 3445 640 3497 cide
661 3451 721 3499 tom.
743 3444 761 3496 I
772 3460 799 3513 p.
819 3448 884 3510 45,1.
923 3444 964 3512 Cf.
987 3445 1058 3499 Ptin.
1077 3445 1102 3496 la
1121 3461 1147 3496 u.
1168 3446 1305 3510 7‚60,212.·

127 3532 176 3586 Xll
196 3531 303 3586 tabulis
321 3534 399 3587 ortus
419 3533 533 3585 tantum
554 3535 583 3584 et
601 3548 713 3585 occasus
733 3531 932 3597 nominantur,
952 3533 1015 3600 post
1034 3532 1143 3599 aliquot
1155 3548 1243 3584 annos
1255 3529 1304 3583 ad·

122 3619 210 3673 iactus
234 3620 277 3672 ast
296 3622 325 3672 et
345 3617 486 3681 meridies,
515 3635 630 3673 accenso
649 3618 794 3673 consulum
813 3618 842 3672 id
862 3619 1079 3688 pronuntiante,
1108 3634 1172 3673 cum
1191 3636 1208 3672 a
1227 3617 1304 3672 curia

124 3705 201 3761 intra
220 3708 314 3762 rostra
332 3712 360 3761 et
379 3706 580 3775 graecostasim
599 3705 788 3775 prospexisset
806 3705 900 3764 solem.
932 3704 979 3759 sed
999 3706 1050 3760 hoc
1068 3705 1171 3759 serenis
1191 3707 1305 3758 tantum

124 3794 220 3850 diebus
244 3811 330 3864 usqne
355 3794 391 3848 ad
411 3793 532 3863 primum
557 3791 691 3846 Punicum
719 3792 834 3846 bellum.
863 3822 897 3831 -
925 3794 953 3860 5)
972 3810 1072 3862 praeco
1097 3792 1226 3860 Ursinus,-
1254 3792 1304 3858 cfr.

124 3885 200 3952 infra
215 3901 242 3952 p.
263 3887 296 3938 59
314 3884 359 3937 lio.
388 3883 475 3945 t''I‚89.
505 3913 536 3920 -
564 3883 591 3950 6)
612 3882 656 3934 Sr'c
676 3881 742 3946 Mu,
765 3882 931 3934 Stactarecbt
949 3881 1042 3945 2¹¹,343
1061 3899 1087 3934 u.
1106 3884 1139 3945 4,-
1165 3879 1305 3948 persolve·

125 3970 229 4025 bantur
247 3969 280 4023 F.
319 3969 361 4031 cf.
382 3969 441 4023 Lex
460 3970 561 4022 Malae.
582 3968 699 4021 LXIII.
725 3999 759 4006 —
778 3970 804 4036 7)
824 3971 862 4022 stc
881 3967 1005 4034 illareller,
1025 3970 1099 4022 esset
1118 3967 1152 4022 F.
1178 3997 1205 4005 -
1224 3967 1252 4035 8)
1273 3970 1305 4019 ut

123 4074 173 4112 om.
193 4057 227 4114 F.
245 4087 279 4097 -
298 4059 325 4123 9)
347 4057 626 4124 IlIocr.sot.1,16,14.·
646 4055 722 4109 Fasti
741 4059 815 4116 sunt,
834 4055 935 4124 quibus
955 4055 1019 4108 lieet
1039 4053 1094 4107 lari
1107 4053 1234 4123 praetori
1247 4051 1305 4106 tria

125 4147 209 4199 verba
229 4145 390 4199 sollemnia:
416 4145 461 4206 do,
482 4143 551 4206 dico,
572 4143 685 4205 addico;
706 4143 748 4195 his
767 4143 903 4196 contrarii
922 4145 989 4194 sunt
1008 4141 1125 4202 nefasti;
1145 4141 1303 4196 comitiales

124 4236 199 4298 sunt,
218 4233 319 4302 quibus
338 4250 399 4286 cum
418 4232 522 4302 populo
542 4231 588 4299 agi
608 4231 687 4287 licet:
707 4233 735 4284 et
755 4230 836 4282 fastis
854 4229 968 4298 quidem
985 4231 1047 4298 lege
1061 4227 1108 4297 agi
1122 4231 1223 4298 potest,
1242 4245 1304 4282 cum

124 4321 228 4391 populo
253 4337 307 4374 non
327 4322 435 4390 potest,
466 4317 654 4374 comitialibus
675 4321 824 4386 utrumque
843 4320 943 4386 potest.
973 4349 1004 4356 -
1038 4318 1080 4369 lot
1101 4315 1175 4370 enim
1196 4315 1304 4384 aliquo]

123 4411 166 4462 ast
185 4407 281 4476 aliquo
301 4408 335 4461 F.
364 4408 449 4478 [enim
469 4407 520 4461 tali
542 4424 605 4473 quo.
643 4405 693 4460 Tu.
714 4405 761 4465 Μ.)
