2992 5040
690 323 793 378 Festus.
1290 328 1329 390 31

153 503 267 586 Capito
289 502 460 579 existimat,
486 522 617 565 -esse
640 500 760 563 dictum
776 499 869 563 initio
894 498 998 582 ‘quot¹
1022 496 1134 577 hostis,
1158 503 1207 563 tot
1224 502 1330 575 servi',

154 606 280 692 [quedl]
298 610 348 671 tot
363 607 480 690 captivi
496 606 563 670 fere
577 606 617 670 ad
632 606 820 670 servitutem
837 602 1087 677 adducebantur,
1103 609 1169 668 cett.
1195 604 1234 668 F.
1254 610 1330 670 261.

154 711 185 775 ll
208 712 372 776 duobus
401 711 433 773 iu
463 710 669 794 conpluribus
692 709 901 785 orationibus,
935 729 1006 772 curn
1039 707 1077 770 de
1099 708 1179 772 actis
1202 709 1329 774 disseri-

154 816 222 880 tur³
246 814 367 890 cuius⁴,
398 815 494 878 etiam
524 814 675 898 perscribi
705 813 805 887 solet,
834 813 866 876 id
890 816 938 876 est
961 810 1122 875 rationum
1147 812 1331 891 relatarum,

155 924 238 1006 quod
264 922 313 985 his
336 919 455 985 tabulis
478 921 630 984 docentur
652 919 781 995 iudices,
805 939 887 1001 quae
910 913 1038 999 publice
1060 916 1136 979 data
1158 921 1256 1001 atque
1278 940 1330 982 ac·

155 1026 359 1111 seplasiae.
405 1025 445 1089 F.
468 1029 546 1089 274.

156 1129 317 1194 Radere
339 1127 456 1216 gebrus
479 1129 608 1191 uetitum
631 1133 679 1190 est
702 1126 750 1209 iu]
775 1126 845 1211 lege
860 1123 952 1202 XII‘,
975 1125 1006 1222 id
1023 1130 1071 1189 est
1087 1126 1249 1209 unguibus
1267 1127 1330 1211 [lu-

154 1258 263 1301 ccrare
286 1235 413 1318 rutulus).
461 1234 500 1298 F.
524 1236 602 1297 273.

157 1339 272 1424 Repi
304 1340 473 1404 simulatur
504 1338 595 1423 virgo
619 1359 656 1401 ex
680 1337 804 1420 gremio
828 1337 951 1413 matris,
981 1343 1047 1413 aut,
1075 1337 1102 1400 si
1127 1360 1163 1401 ea
1188 1360 1250 1401 non
1275 1342 1333 1413 est,

156 1469 192 1510 ex
216 1445 362 1529 proxima
384 1443 623 1520 necessitudine,
656 1462 727 1505 cum
752 1441 791 1504 ad
815 1440 919 1505 virum
942 1441 1108 1519 truditur⁷,
1140 1444 1224 1526 quod
1248 1443 1334 1507 vide·

157 1551 231 1615 licet
253 1572 291 1614 ea
313 1571 362 1614 res
385 1549 524 1614 feliciter
550 1545 687 1612 Romulo
711 1546 813 1612 cessit.
865 1547 901 1610 F.
925 1551 1003 1612 289.
1028 1558 1080 1627 (=
1108 1552 1143 1612 P.
1167 1551 1251 1630 286)

157 1653 451 1739 Recepticium
480 1674 605 1717 servum
638 1650 718 1716 (lato
751 1653 785 1714 in
808 1652 955 1715 suasione
976 1652 1057 1735 legis
1080 1652 1241 1716 Voconiae
1263 1673 1333 1716 cum

157 1763 210 1838 ait,
234 1759 405 1845 significat,
430 1760 484 1843 qui
509 1759 549 1822 ob
575 1758 689 1821 vitium
715 1755 894 1820 redhibitus
914 1757 972 1820 sit:
996 1756 1062 1821 ‘ubi
1077 1757 1160 1820 irata
1176 1758 1260 1821 fucta
1276 1761 1334 1835 est,

156 1888 282 1929 servum
305 1864 506 1948 recepticium
530 1865 646 1927 sectari
673 1867 769 1945 utque
786 1861 934 1945 flagitare
951 1863 1053 1926 virum
1070 1862 1178 1926 iubet’
1202 1863 1241 1928 F.
1255 1868 1333 1927 282.

158 1969 377 2034 Recinium
401 1990 495 2033 omne
510 1968 739 2032 vestimentum
764 1968 954 2050 quadratum
980 1966 1030 2045 ii⁸,
1055 1968 1110 2051 qui
1132 1965 1212 2031 xll⁹
1236 1968 1335 2031 inter·

157 2075 273 2158 preteti
297 2079 382 2148 suut,
406 2095 472 2137 esse
496 2072 659 2136 dixerunt:
683 2070 815 2137 Verrius
832 2077 952 2159 togam,
976 2095 1040 2157 qua
1056 2073 1243 2136 mulieres¹⁰
1263 2077 1335 2136 ute·

159 2181 284 2256 bantur,
311 2183 547 2262 praetextam¹¹
577 2178 667 2241 clavo
691 2199 859 2260 purpureo.
906 2178 946 2241 F.
969 2182 1046 2240 274.

158 2282 433 2367 lleciperatio
465 2288 528 2357 est,
558 2282 664 2345 nteit
688 2279 799 2346 Gallus
825 2283 948 2358 Aelius,
979 2304 1051 2347 curn
1074 2285 1159 2347 inter
1184 2284 1336 2366 populum

157 2393 189 2452 et
210 2411 302 2473 reges
324 2389 533 2472 nationesque
556 2394 588 2452 et
611 2388 756 2451 civitates
780 2388 965 2473 peregrinas
988 2389 1039 2452 lex
1061 2388 1224 2464 convenit,
1254 2409 1335 2471 quo·

158 2494 252 2558 modo
282 2515 338 2577 per
360 2493 585 2576 reciperatores
616 2492 789 2556 redduntur
819 2516 868 2557 res
899 2493 1193 2577 reciperenturque,
1224 2514 1337 2577 resque

159 2600 299 2681 privatas
323 2599 406 2662 inter
427 2621 462 2663 se
485 2604 724 2681 persequantur.
776 2598 810 2661 F.
836 2603 912 2664 274.

159 2701 447 2787 Reciprocere
475 2725 533 2786 pro
561 2703 657 2768 ‘ultro
689 2704 832 2787 citroque
856 2709 991 2789 poscere'
1024 2705 1073 2768 usi
1096 2710 1172 2769 sunt
1196 2704 1334 2788 antiqui,

158 2808 233 2891 quia
256 2829 387 2892 procare
409 2814 457 2872 est
479 2829 614 2891 poscere.
661 2809 700 2872 F.
725 2814 802 2873 274.
842 2809 910 2889 (Cf.
935 2809 1136 2887 Procum.)

159 2911 466 2995 Redemptores
496 2913 624 2996 proprie
659 2918 754 2996 atque
778 2915 911 2998 antiqua
933 2915 1160 2978 consuetudine
1186 2914 1335 2978 diceban-

158 3022 219 3093 tur,
244 3016 317 3099 qui,
348 3038 420 3080 cum
444 3017 520 3099 quid
545 3017 668 3100 publice
694 3015 875 3081 faciendum
897 3022 993 3081 aut¹²
1020 3013 1235 3101 praebendum
1258 3040 1336 3082 con-

159 3121 355 3186 duxerant¹³
375 3120 616 3206 effecerantque,
634 3129 703 3187 tum
720 3122 845 3187 demum
862 3125 1011 3207 pecunias
1026 3123 1239 3207 accipiebant3
1264 3146 1337 3188 nam

160 3227 338 3310 antiquitus
361 3249 463 3291 emere
487 3250 544 3310 pro
568 3229 709 3312 accipere
735 3228 920 3311 ponebatur.
969 3229 1013 3292 At
1036 3228 1069 3291 hi
1086 3250 1171 3293 nunc
1188 3229 1338 3293 dicuntur

160 3332 382 3414 redemptores,
407 3331 462 3414 qui
486 3332 603 3415 quid¹⁴
629 3333 849 3397 conduxerunt
871 3334 1083 3417 praebendum
1108 3335 1334 3418 utendumque.

162 3436 200 3499 F.
223 3441 300 3500 270.

164 3540 382 3624 ltelegati
411 3541 560 3605 dicuntur
592 3544 732 3625 proprie,
764 3544 879 3626 quibus
907 3544 1103 3628 ignominiae
1133 3549 1190 3607 eut
1214 3565 1334 3627 poenae

232 3784 257 3850 l)
275 3784 348 3852 quod
366 3784 421 3837 cod.
448 3813 481 3822 -
499 3783 528 3852 2)
546 3782 620 3850 qood
637 3784 750 3836 insenuit
770 3782 841 3835 Muc.
869 3783 980 3851 [Potius
997 3800 1046 3837 scr.
1065 3785 1139 3853 quod
1160 3783 1266 3853 captivi
1286 3802 1337 3852 pro

162 3874 205 3926 tot
223 3870 337 3939 captivi.
366 3871 415 3924 Tu.
436 3872 483 3941 M.)
512 3901 545 3909 -
574 3873 602 3939 3)
620 3870 733 3924 disserti
750 3872 806 3925 cod.
832 3901 864 3910 -
892 3874 921 3937 4)
941 3872 1094 3941 [Exctdissc
1112 3873 1237 3926 uidentur
1255 3875 1338 3926 tulin:

162 3957 292 4012 adnotari
312 3959 363 4013 vel.
398 3960 446 4012 'l'n
468 3958 502 4011 M.
532 3990 564 3998 -
593 3962 620 4026 5)
638 3959 811 4012 Publicanos
834 3961 971 4012 rationum
991 3960 1098 4013 tabulae
1116 3962 1145 4013 iu
1164 3961 1272 4014 iurlicirs
1291 3978 1338 4028 pu·

160 4045 236 4098 ou'o's
254 4046 507 4112 circumferebantur
525 4046 658 4099 inedicibus
680 4047 867 4114 inspicientur.
907 4045 961 4100 Oic.
979 4064 1006 4115 p.
1027 4047 1115 4099 Balbo
1133 4051 1202 4114 5,11.
1226 4048 1263 4101 ud
1281 4050 1339 4102 Au.

160 4136 250 4198 r,16,4.
275 4163 303 4172 —
324 4134 351 4202 6)
370 4151 393 4187 u.
412 4141 472 4188 torn.
484 4134 502 4186 1
514 4153 542 4202 p.
556 4139 590 4186 36
609 4136 662 4188 tub.
674 4134 739 4201 ΧΑ.
761 4165 793 4173 -
812 4137 840 4202 l)
857 4136 938 4187 sicet
956 4134 1010 4187 cod.
1030 4140 1055 4187 ct
1078 4135 1198 4202 Paulus;
1216 4135 1340 4189 trabitur

162 4219 236 4273 illuc.
263 4251 296 4258 -
324 4219 352 4289 8)
370 4220 398 4274 bi
417 4222 473 4275 cccl.
500 4252 529 4261 -
550 4224 577 4291 9)
597 4240 620 4275 c.
641 4229 701 4274 tom.
720 4223 740 4274 I
753 4239 778 4289 p.
798 4224 832 4274 35
850 4221 902 4275 tob.
925 4220 988 4284 Χ,3.
1012 4250 1044 4262 -
1066 4222 1108 4289 10)
1130 4222 1172 4274 vir
1193 4226 1261 4292 toga
1279 4241 1340 4276 mu·

161 4304 241 4360 lieres
260 4308 332 4373 cod.,·
350 4308 446 4360 curcnd.
467 4308 587 4377 Lipsius.
609 4340 640 4348 ο
663 4309 705 4377 11)
726 4310 901 4376 praetextum
922 4308 977 4360 cod.
1001 4338 1030 4351 -
1054 4311 1095 4378 12)
1115 4312 1147 4363 ut
1165 4311 1222 4364 cccl.
1244 4341 1273 4348 --
1297 4311 1339 4373 13)

161 4393 343 4448 condixerant
361 4396 417 4449 cod.
441 4426 467 4435 -—
491 4399 534 4466 ll)
553 4396 683 4466 quicquid
704 4395 761 4449 cod.
