2992 5040
156 304 199 368 82
697 303 802 360 Festus.

157 504 251 546 causa
284 502 410 545 neeesse
440 486 488 545 est
520 480 560 545 ab
593 482 671 546 urbe
694 480 798 546 Roma
828 482 930 547 aliove
958 505 1020 568 quo
1043 485 1113 550 loco
1136 486 1246 551 abesse
1269 486 1339 570 lege

156 588 320 651 sanative¹
352 585 498 651 consulto
531 592 587 650 aut
618 587 721 652 edicto
753 588 1000 672 magistratus²‚
1034 595 1072 654 ut
1101 591 1197 654 etiam
1230 590 1338 654 Aelius

157 689 268 755 Gallus
292 691 418 756 indicat.
466 692 506 757 F.
530 697 607 758 278.

157 796 212 860 Re
226 797 427 881 ligiosus
451 803 498 862 est
522 834 562 844 -
587 799 717 863 deorum
743 799 947 863 sanctitatem
963 801 1072 883 magni
1089 801 1263 864 aestimans
1279 824 1336 875 —3

155 903 221 966 dies
245 906 351 966 autem
377 902 527 987 religiosi,
553 903 668 986 quibus
692 904 754 967 nisi
780 904 864 987 quod
889 926 1013 970 necesse
1034 911 1081 970 est
1096 905 1187 970 nefas
1202 905 1337 970 habetur

157 1006 269 1085 facere,
296 1006 406 1091 quales
429 1011 505 1070 sunt
527 1029 581 1070 sex
605 1013 636 1071 et
658 1009 795 1093 triginta
818 1009 881 1072 atri
906 1010 960 1094 qui
985 1009 1198 1094 appellantur,
1223 1015 1257 1075 et
1280 1011 1336 1075 Al·

156 1112 303 1189 liensis³‚
336 1117 432 1196 atque
462 1112 523 1201 iil,
556 1112 672 1195 quibus
703 1114 839 1177 mundus
871 1119 968 1197 patet.
1017 1113 1234 1200 [Religiosum
1259 1113 1335 1200 aiu]

156 1239 222 1280 esse
253 1215 365 1281 Gallus
396 1218 523 1293 Aelim,
556 1217 640 1301 quod
663 1218 786 1282 homini
816 1220 862 1283 its
885 1219 988 1284 facere
1011 1241 1074 1283 non
1100 1221 1210 1296 liceat,
1242 1225 1287 1293 ut,
1310 1220 1336 1284 si

155 1321 205 1385 id⁶
232 1322 338 1401 faciat,
362 1328 475 1387 contra
499 1323 628 1387 deorum
653 1324 849 1388 voluntatem
867 1321 1028 1388 videatur²
1052 1323 1163 1389 lacere.
1210 1324 1281 1399 Quo
1304 1327 1335 1388 iu

157 1447 274 1510 genere
298 1433 373 1491 suut
396 1426 488 1492 haec:
513 1428 543 1490 in
570 1427 678 1492 aedem
701 1426 810 1492 Bonae
833 1430 909 1492 deae
933 1429 1037 1492 virum
1060 1429 1203 1507 introire,
1228 1430 1336 1494 adver-

157 1552 210 1593 sus
236 1531 395 1615 auspicia⁸
420 1533 522 1616 legem
550 1534 606 1597 adl
630 1534 783 1617 populum
808 1533 902 1610 ferre,
925 1534 976 1597 die
998 1533 1123 1597 nefasto
1145 1534 1230 1616 apud
1247 1555 1337 1617 prae·

159 1640 260 1699 torem
285 1636 356 1720 lege
378 1659 481 1720 agere.
518 1638 607 1703 Inter
622 1661 745 1703 sacrum
764 1646 870 1703 autem
887 1646 920 1704 et
935 1645 1079 1704 sanctum
1104 1644 1136 1703 et
1151 1638 1338 1724 religiosum

159 1740 356 1806 differentias
380 1742 553 1807 bellissime
582 1744 697 1809 refert:
728 1767 894 1809 sacrum
919 1744 1097 1809 aedificium
1119 1748 1337 1808 consecratum

156 1846 223 1921 deo,
250 1852 436 1911 sanctum
459 1871 585 1912 murum
610 1851 664 1932 qui
688 1851 731 1913 sit
756 1851 873 1914 circum
900 1851 1063 1934 oppidum,
1087 1849 1336 1935 religiosum

158 1951 349 2034 sepulerum,
374 1953 428 2016 ubi
454 1959 600 2017 mortuus
623 1955 766 2037 sepultus
790 1958 847 2018 aut
867 1953 1018 2017 humatus
1041 1955 1084 2018 sit
1099 1955 1178 2018 satis
1193 1958 1340 2018 constare

155 2057 217 2130 ait;
252 2056 404 2121 seditem
430 2059 600 2122 ratione¹⁰
636 2059 772 2142 quadam
806 2063 838 2122 et
869 2061 1068 2142 temporibus
1098 2059 1206 2123 eadem
1239 2057 1339 2121 videri

156 2182 255 2242 posse,
281 2161 307 2224 si
325 2162 451 2245 quidem
477 2163 560 2246 quod
584 2184 708 2226 ssorum
726 2169 783 2240 est,
809 2164 892 2227 idom
910 2163 980 2246 lege
997 2170 1054 2227 aut
1069 2164 1221 2228 instituto
1236 2162 1337 2226 maio·

155 2288 225 2329 rum
250 2272 395 2329 sanetum
419 2288 486 2331 esse
510 2272 612 2349 putat,
636 2273 710 2331 ut¹¹
740 2268 854 2332 violari
878 2269 908 2331 id
934 2269 1002 2332 sine
1026 2290 1129 2352 poena
1145 2290 1209 2332 non
1226 2266 1337 2351 possit.

153 2367 241 2433 Idem
265 2371 451 2453 religiosum
476 2393 603 2455 quoque
618 2392 695 2449 esse,
720 2373 910 2456 quoniam¹2
939 2375 982 2436 sit
998 2373 1175 2457 aliquid¹³,
1191 2370 1337 2456 quodibi

155 2473 276 2538 homini
300 2476 404 2540 lacere
427 2498 491 2540 non
514 2475 625 2552 liceat;
654 2478 738 2560 quod
763 2478 789 2541 si
814 2478 922 2554 faeiat,
954 2478 1104 2543 adversus
1126 2478 1258 2542 deorum
1282 2498 1338 2540 vo·

153 2579 311 2644 luntatem
336 2581 481 2644 videatur
503 2582 616 2647 facere.
664 2582 817 2648 Similiter
840 2585 878 2648 de
902 2607 994 2648 muro
1017 2590 1049 2648 et
1064 2583 1208 2667 sepulcro
1224 2581 1338 2646 debere

154 2684 329 2763 observari,
363 2692 399 2749 ut
430 2687 537 2751 eadem
570 2694 602 2750 et
624 2709 714 2751 saera
745 2693 777 2751 et
800 2694 912 2753 sancta
939 2694 972 2752 et
995 2689 1145 2772 religiose
1167 2686 1258 2761 fiant,
1282 2686 1337 2750 sad

154 2810 217 2873 quo
234 2789 368 2852 modo¹⁴
396 2810 493 2873 supra
509 2793 688 2874 expositum
705 2797 763 2869 est,
784 2815 855 2856 oum
872 2794 910 2857 de
928 2814 1017 2857 sacro
1033 2792 1181 2856 diximus.
1206 2791 1247 2854 F.
1258 2794 1336 2854 278.

154 2893 419 2978 Religiosum
443 2898 526 2959 ao¹⁶
554 2918 677 2960 sacrum
703 2901 760 2973 est,
785 2903 820 2960 ut
844 2897 963 2981 templa
986 2898 1093 2961 omnia
1116 2901 1213 2979 atque
1236 2895 1337 2969 aedes,

155 3023 234 3084 quae
259 3001 356 3063 etiam
380 3005 523 3064 sacratae
546 3002 713 3076 dicuntum
737 3006 811 3066 at¹⁶
839 3004 921 3086 quod
948 3025 1004 3086 per
1028 3024 1061 3067 se
1077 3000 1261 3085 religiosum
1279 3003 1337 3077 est,

154 3125 218 3168 non
244 3102 371 3189 uti[que
395 3124 522 3168 suerum
546 3113 600 3175 eal.
624 3113 658 3169 ut
682 3105 860 3192 sepuleru]q
885 3108 969 3190 quod
990 3130 1027 3170 ea
1046 3129 1109 3170 non
1136 3104 1258 3190 [suoru.
1281 3106 1337 3169 sed

154 3209 308 3289 relipiosu
334 3209 434 3290 suutl.
482 3210 520 3274 F.
546 3214 622 3273 289.

155 3312 367 3387 Reluere‚
405 3312 576 3391 resolvere,
607 3315 817 3398 repignerare.
866 3314 1022 3381 Caecilius
1053 3317 1086 3380 in
1113 3315 1244 3380 Garine:
1280 3312 1336 3380 ‘Ut

155 3440 267 3482 aurum
292 3422 324 3481 et
342 3422 469 3492 vestem,
493 3417 577 3501 quod
602 3417 713 3480 matris
732 3417 805 3493 fuit,
829 3419 944 3497 reluat,
968 3420 1050 3504 quod
1068 3419 1141 3482 viva
1158 3419 1220 3503 ipsi
1236 3439 1336 3502 oppo-

153 3524 256 3586 suit¹⁷
290 3522 437 3605 pignoril
485 3523 525 3585 F.
548 3527 623 3585 281.

154 3626 209 3690 lte
223 3650 252 3689 m
267 3650 285 3689 a
298 3648 319 3689 n
332 3627 368 3689 ci
382 3648 431 3709 pa
444 3631 488 3689 ta
502 3649 531 3688 m
557 3624 668 3689 Gallus
693 3627 803 3690 Aelius
828 3649 896 3691 asse
920 3628 974 3702 ait,
999 3650 1080 3710 quae
1095 3627 1278 3710 ruauoipata
1293 3627 1335 3690 sit

154 3732 194 3794 ab
218 3752 265 3807 eo,
293 3730 347 3813 qui
373 3731 405 3793 iu
429 3752 559 3794 manum
581 3732 774 3795 convenerit.
819 3731 859 3795 F.
883 3736 960 3794 277.

152 3875 230 3883 ,-
246 3874 279 3881 -α-
289 3874 359 3880 ...-....

226 3943 250 4006 1)
271 3940 346 4007 leges
366 3940 532 4006 senatuique
550 3938 605 3992 cod.
626 3969 658 3976 —-
679 3939 706 4008 2)
726 3939 934 4006 magistratum
953 3938 1009 3991 eod.
1029 3968 1061 3979 -
1075 3938 1105 4006 3)
1123 3937 1172 3992 ulii
1186 3955 1265 3993 sonas
1278 3938 1334 3991 cod.

153 4058 185 4066 —
215 4028 242 4094 4)
261 4027 290 4078 hi
310 4026 365 4080 eod.
393 4054 427 4065 -
455 4025 482 4093 5)
501 4024 662 4092 religiosum
684 4025 726 4078 ait
744 4028 794 4078 ius.
821 4025 878 4078 Urs.
907 4054 940 4064 -
959 4028 987 4092 6)
1007 4025 1029 4077 si
1049 4025 1089 4094 id]
1109 4025 1160 4079 sud
1179 4026 1237 4079 eod.
1256 4056 1289 4065 —
1308 4028 1335 4087 7)

153 4113 302 4167 uideantur
322 4112 378 4166 eod.
397 4141 431 4152 -
450 4112 477 4178 8)
491 4112 637 4179 mystieiae
650 4113 722 4178 eod.;
741 4112 839 4166 ennena.
850 4114 919 4180 Auq.
940 4141 974 4151 —
993 4113 1019 4179 9)
1032 4113 1060 4168 id
1074 4113 1130 4167 cod.
1148 4143 1181 4151 -
1195 4113 1241 4181 10)
1253 4111 1333 4184 [item

152 4200 262 4255 ratione
279 4216 334 4267 eqo,
362 4200 404 4252 ita
418 4197 546 4267 portione
565 4198 621 4252 cod.
650 4198 700 4251 Tu.
722 4199 771 4268 M.]
803 4229 832 4239 -
864 4201 908 4268 11)
927 4203 1011 4268 putat
1029 4199 1075 4270 ut]
1094 4204 1199 4269 putant
1216 4201 1273 4254 cod.
1301 4230 1333 4241 -

153 4287 197 4354 12)
226 4288 275 4355 qui
294 4287 424 4341 nonium
444 4286 499 4339 eorl.
528 4317 562 4325 —
593 4287 639 4354 13)
659 4287 756 4355 alquid
776 4287 832 4341 cod.
864 4317 887 4326 -
923 4286 1199 4355 importarem.
1228 4318 1262 4326 -
1294 4290 1336 4353 15)

159 4373 291 4440 [fortusse
310 4389 403 4441 aeque.
435 4372 485 4428 Tu.
505 4374 553 4443 Μ.)
580 4405 612 4413 -
638 4375 681 4443 16)
704 4374 740 4428 ad
760 4376 815 4428 cod.
838 4405 870 4414 -
892 4374 935 4443 17)
954 4375 1016 4444 ipsa
1033 4373 1174 4443 opposivit
1193 4374 1267 4429 Μαι.
