2992 5040
154 311 195 374 74
616 306 880 362 Pseudo-Asconius.

240 485 333 567 §52
371 482 585 549 Sectorem
609 521 652 532 -
677 485 755 549 dicit
780 485 1018 549 aestimatorem
1042 485 1337 571 redemptoremque

155 589 310 653 bonorum
335 589 477 653 damnati
502 593 599 671 atque
623 590 803 673 proscripti,
835 589 891 672 qui
914 610 1002 672 spem
1026 594 1150 654 sectans
1173 590 1256 655 lucri
1278 593 1335 669 sui,

155 695 259 758 idtest
282 700 411 758 secutus
435 715 522 777 spem
547 694 780 759 aestimationis
803 716 890 771 suae,
913 693 998 756 bona
1012 694 1120 757 omnia
1142 717 1176 759 re
1192 697 1336 761 auctione

154 799 294 877 vendit¹,
319 799 471 862 etsemel
494 799 595 863 infert
618 801 785 884 pecuniam
808 800 857 864 vel
881 799 1003 863 aerario
1026 799 1075 862 vel
1091 800 1193 864 sociis.
1224 804 1333 882 (172.)

244 849 337 986 §hu
383 902 549 968 Moris-
575 904 640 969 suit
663 927 922 989 unumquemque
953 904 1156 969 domesticam
1180 905 1336 969 rationem

154 1009 290 1073 sibit
241 1014 290 1073 tot
256 1010 341 1073 oius
365 1009 449 1073 vitae
473 1032 548 1074 suae
571 1033 628 1094 per
643 1010 710 1075 dies
726 1011 871 1095 singulos
888 1010 1035 1087 scribere,
1060 1032 1124 1094 quo
1141 1009 1335 1094 appareretffi

79 1174 84 1183 ,
157 1114 233 1199 quid
258 1113 392 1197 quisque
416 1114 455 1178 de
478 1115 633 1179 reditibus
657 1117 733 1191 suis
757 1116 895 1200 quidde
919 1120 996 1193 arte,
1021 1116 1130 1179 fenore
1145 1116 1275 1181 lncrove
1291 1139 1337 1181 se·

154 1218 351 1303 posuisset&
376 1223 494 1302 etquo
518 1220 634 1297 diet
602 1226 634 1284 et
656 1221 732 1304 quid
757 1222 832 1285 item
858 1225 966 1303 sump
968 1242 1005 1283 us
952 1220 1175 1283 tdamnive
1200 1220 1337 1286 fecisset

157 1323 217 1389 Sed
251 1329 421 1407 postquam
453 1324 660 1409 obsignandis
689 1325 727 1389 lit
714 1327 805 1388 tteris
829 1347 956 1389 reorum
980 1347 1018 1388 ex
1041 1324 1106 1388 suis
1130 1325 1267 1409 quisque
1290 1329 1338 1389 ta-

126 1489 130 1496 .
156 1430 241 1493 bulis
273 1429 418 1493 damnari
450 1429 569 1512 coepit,
603 1431 642 1493 ad
667 1436 810 1494 nostram
835 1429 1019 1492 memoriam
1055 1433 1122 1492 tota
1146 1429 1224 1494 haec
1249 1435 1338 1494 retus

155 1536 351 1599 consuetudo
375 1533 522 1599 cessavit.
569 1538 673 1616 (175.)
713 1575 715 1580 ·

247 1639 264 1720 ξ
289 1640 339 1704 61.
388 1637 532 1703 Sectores
555 1639 632 1702 dicti
656 1645 741 1714 sunt,
766 1638 821 1722 qui
845 1661 932 1722 spem
956 1639 1036 1702 lucri
1060 1640 1108 1703 sui
1131 1640 1231 1704 secuti
1257 1641 1342 1704 bona

157 1744 440 1808 condemnatorum
465 1743 561 1808 semel
584 1743 862 1820 auctionabantur,
886 1767 1007 1828 proque
1030 1745 1081 1808 his
1097 1745 1247 1828 pecunias
1264 1768 1340 1828 pen-

155 1849 301 1914 sitabant
333 1848 480 1933 [populo]
506 1849 642 1932 singulis
665 1847 792 1932 postea⁴
820 1870 878 1931 pro
901 1851 1088 1932 compendio
1113 1871 1171 1913 suo
1193 1850 1342 1935 singulas

155 1977 298 2040 quasque
321 1977 370 2019 res
394 1954 544 2037 pecunia⁶
569 1954 738 2018 vendituri.
785 1959 892 2035 (177.)

243 2061 261 2143 ἕ
286 2061 337 2123 91.
374 2058 463 2123 Inter
486 2059 688 2142 syngraphas
712 2064 744 2123 et
759 2064 864 2123 cetera
880 2059 1098 2143 chirographa
1113 2060 1173 2124 hoc
1190 2062 1338 2138 interest,

156 2165 240 2249 quod
271 2166 305 2228 in
329 2165 442 2228 ceteris
465 2169 592 2228 tantum
617 2186 699 2248 quae
722 2168 812 2246 gesta
835 2169 912 2227 suut
934 2163 1029 2227 scribi
1054 2164 1174 2242 solent,
1206 2165 1238 2229 in
1264 2187 1341 2249 syn-

155 2270 288 2356 graphis
321 2269 417 2332 etiam
442 2274 555 2333 coutra
577 2268 671 2332 fidem
696 2269 841 2332 veritatis
866 2271 971 2352 pactio
995 2271 1101 2345 venit3
1135 2277 1167 2334 et
1189 2293 1256 2335 non
1280 2293 1341 2334 nu·

155 2379 277 2439 merata
307 2396 433 2458 quoque
462 2374 596 2457 pecunia
624 2378 680 2437 aut
703 2395 767 2437 non
791 2374 917 2457 integre
940 2381 1107 2439 numerata
1131 2397 1190 2458 pro
1214 2381 1341 2459 tempo-

156 2482 242 2544 raria
267 2480 432 2544 voluntate
456 2479 623 2542 hominum
647 2478 743 2542 scribi
767 2480 871 2543 solent
893 2502 980 2544 more
1003 2481 1218 2565 institutoque
1243 2481 1344 2546 Grae·

156 2608 274 2650 corum.
321 2585 365 2649 Et
388 2590 510 2649 ceterae
543 2584 673 2649 tabulae
696 2585 738 2648 ab
767 2607 830 2648 una
854 2589 945 2667 parte
968 2591 1088 2649 servari
1112 2585 1232 2663 solent,
1264 2607 1342 2669 syn·

156 2690 300 2777 graphen
334 2691 501 2773 utriusque
531 2712 628 2753 manu
653 2687 847 2774 [signatam]
872 2691 1001 2773 utrique
1024 2691 1110 2773 parti
1133 2690 1342 2755 servandam.⁸

156 2796 298 2861 tradunt.
344 2798 449 2877 (184.)

245 2901 262 2983 θ
290 2903 360 2965 114.
408 2900 630 2983 ‘Posteaquam
665 2899 714 2962 ius
745 2898 940 2981 praetorium
977 2899 1143 2977 constitit',
1172 2935 1216 2945 -
1245 2902 1339 2983 quasi

156 3006 295 3070 diceret:
319 3009 391 3089 post
414 3005 573 3068 conditam
599 3005 709 3067 urbem
734 3001 880 3081 Romam,
904 3008 975 3066 aut:
1001 3010 1073 3087 post
1088 3005 1256 3069 hominurn
1273 3027 1341 3069 me·

157 3112 303 3189 moriam,
328 3134 365 3175 ex
389 3133 452 3194 quo
477 3112 598 3174 estius
622 3094 827 3193 praetorium.
874 3108 980 3190 (190.)

245 3216 262 3297 ἓ
290 3216 360 3279 114.
406 3215 476 3279 Lis
499 3215 792 3279 vindiciarum
815 3218 873 3289 est,
905 3235 975 3276 cum
1002 3213 1151 3297 litigatur
1175 3213 1213 3278 de
1236 3236 1275 3279 ea
1298 3239 1344 3294 re,

157 3323 247 3386 cuins
271 3321 353 3404 apud
379 3325 558 3402 praetorem
583 3318 757 3382 incertum⁷
781 3320 923 3402 estquis
947 3318 1061 3383 debeat
1076 3341 1143 3383 esse
1160 3342 1342 3403 possessum

157 3431 189 3492 et
212 3427 292 3500 ideo,
318 3426 373 3508 qui
398 3447 466 3487 eam
492 3429 590 3500 tenet,
614 3424 669 3486 dat
693 3444 750 3506 pro
773 3423 888 3505 praede
912 3422 979 3486 litis
1003 3425 1213 3488 vindiciarum
1229 3425 1342 3490 adver·

157 3531 241 3596 sario
274 3554 348 3608 suo,
380 3551 443 3613 quo
476 3527 524 3591 illi
548 3527 728 3591 satisfaciat
753 3528 835 3591 nihil
867 3551 900 3593 se
923 3530 1062 3594 deterius
1086 3531 1119 3593 in
1142 3532 1344 3613 possessione

156 3638 334 3714 facturum,
368 3636 406 3698 de
430 3658 493 3719 qua
516 3633 656 3718 iurgium
680 3639 772 3711 esset,
806 3655 915 3697 rursus
939 3635 1109 3716 sponsione
1132 3635 1200 3717 ipse
1223 3657 1342 3719 provo-

157 3747 248 3806 catur
281 3741 320 3805 ab
350 3740 532 3804 adversario
564 3743 686 3804 certare
718 3761 859 3823 pugnam
893 3744 950 3803 1111
983 3741 1230 3819 aestimationis,
1264 3743 1343 3826 quid

157 3849 289 3912 amittat
310 3849 343 3910 ni
368 3869 425 3910 sua
448 3847 490 3909 sit
513 3845 683 3921 hereditas,
709 3845 747 3908 de
771 3866 835 3927 qua
857 3843 1049 3908 contendits.
1089 3844 1245 3909 ‘Praedes'
1264 3869 1344 3933 ergo

231 4039 256 4102 1)
277 4037 446 4104 Corruptunr.
484 4034 612 4089 Fortasse
630 4034 760 4090 allatione
778 4035 927 4104 redempta
947 4033 1052 4088 vendit.
1073 4064 1107 4075 -
1125 4035 1153 4105 2)
1171 4035 1201 4088 in
1219 4053 1275 4104 quo
1295 4053 1346 4106 ap·

157 4128 241 4195 paret
260 4126 331 4178 libri.
361 4153 393 4162 —
419 4121 446 4191 3)
465 4127 588 4192 seposset
607 4125 676 4178 libri.
699 4155 733 4163 —
751 4127 779 4191 4)
796 4127 834 4178 sic
854 4124 945 4188 Orelli,
965 4124 1150 4193 pensitabant
1168 4123 1290 4193 singulis
1309 4142 1344 4179 ac

158 4213 312 4283 impostera
331 4214 402 4265 libri.
423 4242 455 4252 -
482 4213 510 4265 51
531 4229 574 4266 111
592 4210 710 4281 pecunia
731 4211 822 4277 Orelli,
844 4212 974 4280 pecunias
994 4213 1065 4265 libri.
1087 4243 1116 4251 -
1137 4213 1164 4277 6)
1184 4212 1257 4266 solet
1276 4228 1343 4280 syn·

160 4301 268 4369 grapho
288 4301 470 4368 neutriusque
497 4317 583 4353 mauu
604 4299 715 4368 utrique
735 4300 811 4369 parti
833 4299 1004 4353 seruandum
1024 4301 1096 4352 libri.
1126 4330 1156 4338 -
1187 4301 1214 4364 7)
1234 4302 1344 4354 certum

162 4387 232 4440 libri.
252 4416 282 4425 --
305 4386 333 4455 8)
352 4388 416 4441 Iruec
435 4395 571 4455 corrupto.
