2992 5040
79 3772 145 3855 ἓξὲξ]
252 3779 282 3843 3.
315 3773 349 3842 Si
373 3774 493 3841 ventris
515 3775 644 3840 nomine
668 3773 801 3839 muliere
823 3773 856 3838 in
875 3773 1103 3858 possessionem
1120 3772 1216 3837 missa
1233 3772 1345 3838 eadem

142 345 207 410 214
593 341 695 399 Edicta
711 346 883 414 praetorum.

143 518 384 583 curatoribusre
407 538 526 595 sorum,
563 523 599 582 ut
622 519 764 598 mittent,
787 520 815 583 si
838 519 949 600 velint,
972 521 1027 605 qui
1050 525 1193 586 ventrem
1217 530 1328 587 custo·

144 622 244 687 diunt
273 622 307 687 in
330 643 395 707 quo
417 621 559 687 conclavi
583 623 698 688 mulier
724 624 870 709 paritura
885 624 956 705 erit,
980 626 1026 690 ibi
1041 648 1081 692 ne
1095 626 1203 711 plures
1219 627 1328 693 aditus

144 720 215 792 sint‘
232 748 328 811 quam
353 748 450 792 unus:
474 727 623 805 sierunt,
646 751 685 793 ex
702 733 839 814 utraque
853 734 944 815 parte
959 729 1078 796 tabulis
1093 731 1324 817 praefigantur.

147 837 221 896 ante
243 832 360 896 ostium
384 831 451 896 eius
475 833 634 898 conclavis
657 832 752 899 liberi
774 839 841 900 tres
863 839 895 900 et
917 840 982 900 tres
1004 835 1124 902 liberae
1146 858 1218 902 curn
1242 837 1330 903 binis

146 937 316 1002 comitibus
339 938 529 1003 custodient.
563 940 847 1024 quotienscumque
869 962 907 1005 es
929 939 1044 1006 mulier
1066 941 1098 1005 in
1122 940 1155 1005 id
1177 943 1330 1010 conclave

147 1041 274 1108 aliudve
297 1042 381 1128 quod
402 1043 470 1108 sive
495 1044 528 1107 in
552 1043 714 1109 balineum
736 1045 807 1121 ibit,
831 1046 985 1124 custodes,
1008 1047 1036 1110 si
1058 1046 1175 1126 volant,
1199 1046 1232 1111 id
1252 1053 1331 1114 ante

148 1147 345 1232 prospicient
367 1152 400 1213 et
422 1169 475 1213 eos
498 1150 554 1233 qui
577 1149 762 1214 introierint
783 1150 954 1216 excutiant.
989 1150 1143 1230 custodes,
1175 1153 1231 1236 qui
1255 1158 1333 1218 ante

147 1253 297 1318 conclave
319 1253 417 1338 positi
439 1258 543 1332 crunt,
566 1255 594 1318 si
612 1253 731 1331 volent,
755 1275 875 1331 omnes,
891 1256 947 1339 qui
962 1253 1111 1320 conclave
1125 1259 1182 1320 eut
1197 1257 1328 1322 domum

148 1358 349 1438 introierint,
382 1358 554 1423 excutiant.
593 1358 726 1437 mulier,
757 1381 828 1423 cum
852 1359 1011 1442 parturire
1033 1359 1183 1443 incipiat,
1215 1362 1267 1427 his
1290 1363 1331 1428 ad

150 1484 230 1547 quos
255 1484 292 1527 ea
314 1484 365 1529 res
388 1464 529 1548 pertinet
552 1463 854 1548 procuratoribusve
877 1485 986 1529 eorum
1003 1463 1178 1540 denuntiet,
1201 1471 1238 1531 ut
1254 1468 1335 1532 mit·

150 1574 233 1646 tant,
250 1568 367 1652 quibua
382 1570 603 1654 praesentibus
620 1571 733 1654 pariat.
758 1570 930 1637 mittantur
941 1570 1091 1636 mulieres
1107 1571 1226 1637 liberae
1237 1573 1332 1638 dum·

151 1678 243 1738 taxat
270 1674 428 1759 quinque,
458 1675 505 1739 ite
536 1679 573 1739 nt
603 1679 730 1759 praeter
763 1677 949 1742 obstetrices
971 1676 1050 1741 dues
1072 1677 1106 1740 in
1130 1698 1167 1742 eo
1189 1678 1336 1743 conclavi

152 1801 193 1843 ne
216 1778 322 1863 plnres
346 1777 494 1843 mulieres
518 1780 637 1845 liberae
659 1781 725 1845 sint
748 1802 844 1866 quom
864 1782 981 1860 decern,
1005 1781 1138 1847 ancillae
1153 1804 1250 1866 quam
1265 1806 1331 1849 sex.

153 1887 223 1963 hac,
248 1907 329 1969 quae
358 1886 446 1949 intus
474 1885 603 1951 futurae
625 1891 737 1966 erunt,
769 1887 971 1952 excutiantur
1003 1908 1111 1951 omnes
1139 1887 1172 1951 in
1196 1908 1233 1952 eo
1256 1911 1336 1955 con-

153 1991 252 2068 clavi,
283 2012 323 2056 ne
353 2012 417 2075 qua
449 2012 606 2075 praegnas
638 1991 691 2055 sit.
729 1991 794 2055 tric
816 1990 947 2069 lumina,
979 2012 1019 2055 ne
1042 1991 1158 2069 minus,
1187 1991 1232 2056 ibi
1256 1994 1333 2059 sint.

108 2158 111 2162 ,
154 2097 238 2183 qnod
261 2099 373 2160 uatum
397 2097 469 2173 erit,
499 2094 549 2161 his
573 2095 612 2159 ad
635 2117 714 2180 qnos
738 2118 776 2161 ea
798 2116 848 2160 res
871 2095 1011 2179 pertinet
1032 2097 1339 2179 procuratoribusve

155 2225 274 2280 eorum,
298 2202 326 2267 si
348 2203 504 2285 inspicere
519 2201 639 2279 volent,
663 2201 859 2266 ostendatur.
884 2201 968 2284 apud
985 2222 1057 2264 eum
1072 2201 1232 2279 educetur,
1248 2205 1335 2287 apud

156 2330 251 2393 quem
282 2329 397 2393 parens
427 2306 565 2373 iusserit.
603 2308 630 2371 si
663 2311 770 2371 eutem
799 2305 881 2370 nihil
913 2327 1028 2390 parens
1058 2305 1188 2370 iusserit
1217 2313 1275 2372 aut
1297 2311 1339 2389 is,

156 2413 240 2499 apud
272 2435 365 2497 quem
398 2412 535 2477 voluerit
556 2412 699 2486 educari,
731 2432 840 2476 curam
864 2432 927 2475 non
953 2411 1101 2494 recipiet,
1131 2411 1217 2495 opud
1241 2436 1336 2496 quem

158 2520 323 2596 educetur,
353 2539 450 2582 causa
479 2517 609 2601 cognita
632 2516 834 2581 constituam.
872 2516 900 2580 is
923 2516 1006 2600 apud
1031 2536 1126 2600 quem
1149 2516 1340 2584 educabitur

159 2624 244 2710 quod
266 2627 377 2688 natum
400 2622 471 2699 erit,
495 2621 599 2706 quoad
623 2623 721 2686 trium
743 2643 887 2686 mensum
911 2622 963 2698 sit,
989 2620 1089 2685 bisin
1106 2643 1221 2695 mense,
1244 2644 1283 2687 ex
1300 2645 1341 2688 eo

160 2736 301 2813 tempore
323 2728 427 2812 quoad
451 2749 505 2792 sex
527 2747 673 2792 mensum
696 2728 748 2805 sit,
776 2727 874 2792 semel
896 2726 931 2790 in
953 2747 1071 2801 mense,
1100 2749 1120 2789 a
1141 2747 1196 2790 sex
1219 2728 1337 2791 mensi-

160 2836 219 2898 bus
242 2832 346 2919 quoad
370 2832 537 2898 anniculus
559 2832 626 2910 fiat,
650 2832 782 2897 alternis
806 2829 979 2909 mensibus,
1002 2830 1042 2895 ab
1058 2830 1207 2894 anniculo
1230 2833 1337 2915 quoad

157 2938 220 3004 fari
242 2937 358 3022 possit,
387 2936 485 3001 semel
508 2937 541 3001 iu
564 2958 619 3001 sex
643 2934 814 3013 mensibus,
838 2934 895 2999 ubi
920 2935 1014 3013 volet,
1039 2935 1197 3000 ostendat.
1235 2935 1263 2999 si
1286 2937 1339 3000 cui

159 3047 302 3108 ventrem
330 3042 444 3126 inspici
471 3041 663 3106 custodirive
686 3040 794 3105 adesse
817 3040 926 3123 partui
950 3040 1073 3103 licitum
1096 3061 1160 3104 non
1185 3040 1248 3104 erit
1270 3040 1342 3105 fac·

159 3153 267 3213 tumve
289 3146 367 3231 quid
389 3145 461 3225 erit,
485 3146 655 3230 quominus
678 3168 715 3210 ea
731 3146 777 3209 ita
793 3145 882 3223 fiant,
899 3144 947 3208 uti
963 3164 1061 3227 supra
1076 3142 1341 3227 comprehensum

160 3257 226 3319 est:
250 3254 288 3329 ei,
312 3251 396 3337 quod
420 3255 531 3315 natum
548 3250 619 3326 erit,
643 3251 872 3334 possessionem
897 3271 992 3314 cansa
1015 3249 1146 3332 cognita
1164 3270 1227 3312 non
1245 3249 1339 3314 dabo.

160 3359 226 3423 sive
249 3356 333 3441 quod
357 3359 469 3419 netum
493 3355 564 3433 erit,
588 3359 625 3418 ut
648 3375 745 3438 supra
768 3357 897 3417 cautum
913 3357 971 3427 est,
995 3351 1109 3436 inspici
1125 3373 1189 3416 non
1204 3351 1345 3431 licuerit,

162 3486 240 3548 quas
263 3463 374 3547 utique
398 3462 538 3526 actiones
562 3482 612 3524 me
627 3459 777 3523 daturum
796 3457 949 3542 polliceor
966 3456 1027 3534 his,
1051 3456 1167 3540 quibus
1184 3479 1221 3521 ex
1238 3457 1346 3522 edicto

163 3588 232 3633 meo
255 3568 411 3631 bonorum
434 3564 591 3650 possessio
613 3564 689 3629 date
711 3565 763 3642 sit,
788 3585 851 3642 eas,
875 3561 902 3626 si
925 3562 1005 3647 mihi
1028 3563 1113 3626 iusta
1135 3583 1231 3626 causa
1253 3563 1343 3628 ride·

163 3672 251 3738 bitur
273 3692 351 3750 esse,
373 3670 403 3736 ei
425 3693 489 3735 non
512 3668 622 3734 dab0¹.

164 3883 321 3969 possessio
344 3881 417 3946 dolo
441 3881 526 3946 malo
549 3880 588 3944 ad
612 3879 712 3943 alium
736 3879 893 3943 translata
916 3900 982 3943 esse
1005 3875 1152 3941 dicetur¹.

83 4014 147 4049 uu.
253 3990 283 4052 4.
312 3985 345 4052 Si
368 3986 483 4052 mulier
505 3985 626 4050 ventris
651 3984 780 4049 nomine
796 3984 829 4047 in
846 3983 1042 4066 possessione
1057 3982 1233 4046 calumniae
1248 4002 1349 4047 cause

164 4094 262 4158 fuisse
284 4091 432 4158 dicetur³.

258 4339 284 4407 1)
303 4337 339 4391 D.
358 4340 495 4403 25,4,1,10.
515 4365 546 4375 —
567 4335 595 4403 2)
615 4334 700 4388 Rubr.
722 4333 758 4386 1).
776 4335 843 4395 25‚5.
863 4362 894 4371 -
915 4331 943 4396 3)
965 4328 1051 4383 Rudr.
1071 4326 1108 4382 D.
1125 4329 1200 4388 255:
1219 4333 1287 4379 ‘esse
1304 4324 1350 4379 di-

165 4425 261 4481 cetur'.
297 4424 384 4478 Index
402 4423 497 4477 Flos:
515 4422 611 4476 ‘luisse
628 4419 756 4474 dicetur'.
