2992 5040
489 294 587 359 Varro,
606 294 640 348 tle
659 294 759 363 lingua
778 294 887 357 Latina,
907 294 926 348 l.
948 294 992 351 VI.

243 473 315 538 175.
350 471 503 536 Arrabo
526 472 571 536 sic
587 471 670 549 data,
687 475 724 533 ut
741 470 916 555 reliquum¹
934 470 1099 545 reddatur3
1119 508 1157 517 -
1177 496 1195 536 a
1213 471 1331 538 Graeco

154 577 309 662 ἀῤῥαβὼν.
355 575 598 660 Reliquum,
630 576 714 659 quod
738 596 776 638 ex
799 596 845 651 eo,
869 575 954 659 quod
977 575 1130 651 debitum,
1164 575 1332 661 reliquum.

157 683 228 746 176.
274 669 472 746 Damnum
505 704 524 744 a
555 679 753 763 demptione,
785 699 857 743 cum
879 679 984 743 minus
1009 703 1043 744 re
1066 681 1205 757 factum,
1238 704 1334 765 quam

154 791 266 871 quanti
291 791 425 850 constat.

245 892 314 957 177.
363 889 523 955 Multa²
546 890 688 973 pecunia,
713 912 794 973 qaae
818 912 836 952 a
860 890 1052 977 magistratu
1077 891 1172 968 dicta,
1197 896 1233 954 ut
1248 891 1336 976 exigi

155 1000 262 1081 posset
293 997 334 1060 ob
367 1001 550 1080 peccatum:
584 995 668 1079 quod
698 994 844 1079 singulae
873 996 1034 1071 dicuntur,
1058 997 1256 1080 appellatae⁸
1281 1019 1337 1061 eae

155 1103 314 1179 multae⁴,
347 1102 431 1186 quod
454 1101 532 1165 olim
555 1123 654 1164 amun
676 1100 825 1165 dicebant
849 1100 1021 1175 multam⁵3
1054 1101 1164 1184 itaque
1188 1124 1261 1165 cum
1286 1099 1336 1165 in⁸

155 1208 274 1273 dolium
308 1214 364 1272 aut
386 1207 524 1272 culleum
554 1207 663 1271 vinum
686 1205 807 1269 addunt
830 1206 957 1282 rustici,
993 1206 1096 1288 prima
1121 1228 1201 1269 urna
1226 1207 1337 1271 addita

154 1314 265 1378 dicunt
288 1313 384 1377 etiam
407 1334 502 1377 nunc.

246 1420 318 1483 179.
365 1416 397 1482 si
432 1418 541 1481 datum
573 1416 657 1500 quod
687 1416 851 1491 reddatur,
887 1421 1093 1491 mutuum,
1128 1416 1214 1499 quod
1237 1413 1337 1480 Siculi

155 1535 270 1609 μοῖτον.
295 1561 336 1570 -
360 1522 527 1598 MunuS,
561 1522 643 1605 quod
667 1528 779 1585 mutuo
802 1522 908 1585 animo
932 1523 988 1605 qui
1011 1526 1102 1589 suut.
1135 1523 1214 1586 dant
1237 1520 1338 1586 officii

156 1653 262 1694 eausa.
311 1628 457 1692 Alterum
487 1649 618 1706 munus,
647 1629 730 1711 quod
763 1627 925 1691 nruniendi
959 1649 1054 1691 causa
1076 1627 1286 1709 imperatum,
1319 1649 1339 1689 a

157 1757 220 1819 quo
251 1734 346 1797 etiam
374 1733 624 1817 municipes,
658 1734 713 1817 qui
736 1756 800 1797 una
824 1756 939 1797 munus
962 1733 1054 1815 fungi
1078 1731 1204 1809 debent,
1230 1731 1337 1796 dictil.

160 1841 232 1904 180.
272 1839 321 1903 Ea
345 1838 488 1922 pecunia,
519 1836 855 1922 quaeiniudicium⁸
879 1837 1021 1901 venitin
1046 1837 1167 1913 litibus,
1199 1859 1337 1901 sacra·

156 1949 338 2009 mentum
371 1966 389 2006 a
420 1966 518 2007 sacro.
566 1942 645 2019 buil
669 1944 797 2026 petebat
820 1942 930 2026 etqui
954 1941 1170 2018 infitiabatur,
1204 1943 1244 2006 de
1266 1943 1338 2007 aliis

158 2050 253 2113 rebus
276 2054 410 2132 uterque
433 2048 610 2132 quingenos
633 2048 714 2111 aeris
731 2048 769 2111 ad
787 2053 956 2130 pontem¹⁰
976 2048 1186 2131 deponebant,
1211 2048 1250 2111 de
1266 2048 1338 2112 aliis

158 2154 252 2219 robus
282 2155 359 2217 item
391 2157 477 2218 certo
508 2153 571 2219 alio
599 2153 744 2237 legitimo
775 2175 907 2217 numero
923 2156 953 2192 ¹¹
983 2175 1105 2217 assum:
1141 2154 1196 2236 qui
1220 2152 1338 2216 iudicio

159 2260 289 2335 vicerat,
314 2281 405 2322 suum
430 2261 664 2322 sacramentum
687 2279 703 2320 e
727 2278 816 2319 sacro
833 2257 1007 2330 auferebat,
1030 2257 1106 2320 victi
1124 2257 1162 2320 ad
1179 2258 1338 2321 aerarium

158 2365 293 2429 redibat.
343 2364 413 2428 181.
453 2361 681 2426 Tributum
705 2361 824 2425 dictum
848 2386 867 2424 a
890 2362 1047 2434 tribubus,
1073 2363 1156 2444 quod
1181 2384 1218 2426 ea
1243 2385 1336 2445 pecu·

159 2471 221 2547 nia,
256 2491 337 2552 qnae
360 2468 478 2552 populo
500 2468 657 2550 imperata
679 2472 764 2545 erat,
796 2468 945 2531 tributim
976 2492 995 2531 a
1018 2466 1154 2551 singulis
1178 2491 1237 2551 pro
1262 2491 1338 2552 por·

159 2576 245 2639 tione
275 2598 387 2638 census
420 2574 667 2657 exigebau1r12.
713 2572 763 2636 Ab
796 2571 856 2636 hoc
879 2596 931 2650 ea,
962 2596 1043 2656 quae
1066 2573 1235 2658 adsignata
1259 2578 1338 2637 erat.

159 2681 417 2744 attributum
439 2679 573 2753 dictu1n;
597 2678 637 2740 ab
661 2699 697 2741 eo
720 2700 856 2761 quoque,
881 2677 997 2760 quibus
1020 2677 1179 2741 attributa
1195 2685 1265 2741 erat
1283 2700 1338 2761 pe·

160 2785 268 2859 cunia,
299 2789 336 2848 ut
370 2783 466 2847 militi
501 2783 648 2860 reddant,
682 2783 851 2846 tribuni
883 2783 1037 2847 aerarii
1066 2783 1160 2852 dioti;
1195 2783 1228 2846 id
1253 2783 1339 2867 quod

124 2954 127 2959 ,
160 2890 352 2954 attributum
376 2894 454 2965 erat,
479 2911 547 2952 aes
570 2860 768 2952 milii—are.
805 2888 873 2951 Hoc
895 2893 953 2963 est,
979 2888 1062 2970 quod
1079 2889 1125 2950 ait
1142 2885 1338 2950 Plautus¹³t

160 2994 263 3061 ‘Cedit
286 2995 385 3073 miles,
410 3017 462 3058 aes
486 2993 592 3077 petit';
623 2999 655 3057 et
679 2993 752 3057 hinc
775 2993 925 3055 dicuntur
948 2990 1064 3055 milites
1089 2992 1269 3066 aerarii,
1300 2993 1340 3056 ab

161 3123 242 3175 aere,
267 3100 350 3183 quod
374 3099 533 3183 stipendia
549 3099 703 3163 facerent¹
715 3103 740 3160 ⁴.
790 3097 861 3161 182.
892 3095 957 3160 Hoc
972 3097 1076 3180 ipsum
1093 3097 1341 3180 stipendium

161 3230 179 3269 a
201 3206 284 3289 stipe
307 3206 437 3278 dictum,
462 3204 545 3288 quod
570 3224 623 3267 aes
646 3224 772 3287 quoque
797 3202 942 3284 stipem
968 3201 1130 3275 dicebant3
1156 3225 1228 3266 narn
1254 3203 1341 3286 quod

161 3332 245 3375 asses
270 3310 415 3374 libras1⁵
443 3310 548 3393 pondo
571 3314 671 3383 erant,
696 3308 752 3391 qui
774 3311 961 3390 acceperant
985 3307 1134 3371 maiorem
1160 3329 1340 3384 numerum,

162 3438 224 3480 non
249 3417 281 3479 in
306 3438 378 3481 arca
402 3416 572 3499 ponebant,
599 3415 652 3476 sed
676 3414 709 3476 in
725 3413 832 3496 aliqua
848 3412 928 3477 cella
943 3412 1115 3496 stipabant,
1140 3412 1171 3474 id
1188 3417 1238 3476 est
1253 3434 1342 3475 com·

163 3522 335 3605 ponebant,
360 3543 422 3604 quo
446 3521 551 3583 mitius
575 3519 633 3583 loci
660 3522 845 3602 occuparem
870 3518 910 3581 ab
934 3518 1081 3600 stipando
1105 3517 1219 3600 stipem
1238 3517 1342 3580 dicere

160 3630 339 3709 coeperunt.
378 3623 534 3708 Stips¹⁶
562 3625 602 3688 ab
621 3623 727 3709 στοιβή
750 3625 883 3687 fortasse
900 3622 1019 3688 Graeco
1037 3624 1186 3686 verbo¹⁷.
1222 3621 1260 3687 ld
1282 3646 1341 3707 ap·

162 3736 261 3813 paret,
286 3732 380 3814 quod,
405 3736 439 3793 ut
463 3735 529 3794 tum
555 3730 748 3806 institutum,
773 3731 868 3793 etiam
898 3750 981 3792 nnuc
1004 3728 1064 3791 diis
1087 3748 1158 3791 cum
1179 3728 1340 3792 thesauris

235 3840 417 3937 litandum
437 3869 503 3921 aera
523 3868 641 3937 Mauso.
665 3898 688 3906 -
716 3869 742 3935 a)
764 3886 780 3919 a
798 3869 847 3920 aas.
859 3867 893 3920 a
915 3898 946 3907 -
967 3869 994 3934 a)
1013 3865 1128 3921 additae
1149 3868 1291 3921 troesenen.
1307 3897 1333 3907 „

159 3959 188 4025 4)
207 3957 313 4010 multas
334 3957 367 4009 F.
396 3986 427 3995 —
447 3958 474 4025 5)
496 3958 535 4009 sie
554 3956 700 4020 Goeeclrea,
730 3954 837 4009 multae
856 3954 887 4008 F
890 3997 897 4019 ,
926 3956 1045 4009 multum
1067 3961 1100 4009 A.
1121 3954 1240 4024 Spmpel.
1261 3986 1296 3994 -
1314 3958 1343 4023 6)

161 4043 192 4097 in
211 4061 261 4098 οηι.
276 4045 311 4098 F.
332 4076 364 4083 —
384 4045 412 4111 7)
431 4043 453 4096 si
471 4044 495 4096 is
514 4046 563 4098 ins.
578 4044 611 4097 F.
630 4073 664 4082 -
682 4041 710 4110 8)
728 4042 862 4096 indicium
882 4042 915 4096 F.
941 4072 967 4081 —-
989 4045 1016 4112 9)
1034 4042 1142 4110 quisF.
1173 4073 1191 4080 —
1213 4042 1256 4110 10)
1275 4060 1342 4112 pon·

162 4131 267 4185 tificem
287 4133 465 4201 nepessinus.
487 4162 510 4169 -
540 4133 584 4197 11)
603 4132 712 4184 certum
731 4131 818 4184 alium
837 4129 996 4199 legitimum
1015 4147 1159 4185 numerum
1179 4129 1343 4198 LSpeapel.

166 4250 194 4258 -
220 4221 262 4288 12)
284 4219 470 4289 exigebantur
490 4219 569 4272 1⁴1-
593 4221 635 4280 13)
653 4220 747 4273 Aalul.
767 4224 860 4285 3,5,52.
892 4249 919 4258 -
952 4220 994 4285 14)
1015 4219 1056 4284 Cf.
1076 4219 1137 4271 Gai.
1157 4221 1227 4277 4,·27.
1247 4247 1276 4256 -
1300 4219 1343 4282 15)

164 4306 279 4361 librales
298 4308 420 4361 Mueller.
447 4338 478 4347 -
506 4308 549 4375 16)
570 4307 645 4377 stipa
665 4307 698 4360 F.
724 4338 758 4348 -
787 4308 829 4372 17)
859 4306 934 4376 Stips
952 4306 989 4360 ab
1075 4306 1159 4360 verbo
1178 4305 1211 4358 ot
1230 4306 1286 4359 olio
1306 4308 1343 4358 oi·

162 4396 258 4449 derrtm
275 4395 369 4448 addila
387 4397 456 4450 esse!
485 4397 519 4448 A.
540 4394 659 4464 Speapel.
