2992 5040
690 331 792 388 Festus
1294 341 1335 406 39

159 511 326 595 provincia
349 511 444 577 alicui
468 512 658 590 decernitur,
686 513 770 596 quod
793 518 899 577 tamen
922 514 1026 598 ipsum
1049 520 1177 582 senatus
1199 516 1336 582 consulti

153 621 213 680 est.
259 617 299 681 F.
322 623 396 683 339.

160 721 202 804 [S
212 723 420 806 equester]
444 724 471 788 is
487 722 612 801 dicitur,
637 724 691 808 qui
708 723 792 788 inter
807 723 941 810 aliquos,
958 726 1027 810 [qui
1042 731 1173 802 certarit,
1190 748 1257 793 cam
1276 728 1334 811 itu]

160 827 246 892 inter
269 848 323 893 eos
345 830 542 908 convenerit,
577 827 698 914 [teneat
720 830 900 911 depositum
922 831 1074 917 olilquid,
1103 836 1141 896 ut
1162 834 1192 896 ei
1215 834 1335 911 reddat,

159 931 224 996 cui¹
253 933 286 997 id
310 931 431 1016 [deberi
454 937 525 999 iure
550 934 767 1018 coa]stiterit².
815 934 855 999 F.
878 941 952 1000 339.

154 1035 384 1103 Sertorcm
409 1038 538 1123 quidam
561 1043 677 1121 putant
700 1039 820 1104 dictum
844 1042 1067 1125 aprendendo‚
1092 1043 1168 1126 quia
1182 1065 1253 1108 cum
1269 1044 1336 1108 cui-

155 1143 241 1226 piam
270 1144 396 1208 adserat
419 1165 547 1209 manum
574 1143 725 1209 educendi
748 1144 816 1209 eius
842 1145 949 1231 gratia
963 1168 1002 1211 cx
1016 1148 1170 1212 servitute
1189 1148 1223 1212 in
1238 1147 1336 1213 liber·

157 1252 267 1326 tutem,
303 1252 432 1313 vocatur
463 1248 620 1314 adsertor:
654 1272 726 1315 cum
751 1251 818 1314 veri
841 1251 975 1316 similius
998 1251 1042 1316 sit
1064 1252 1183 1317 dictum
1206 1255 1262 1338 qui
1284 1275 1334 1318 sa·

159 1359 244 1419 reret
267 1354 361 1438 quid;
386 1376 423 1419 ac
445 1355 552 1439 potins
575 1355 769 1420 adsertorem
792 1357 958 1421 asercndo
980 1359 1099 1441 cepisse
1114 1381 1239 1437 nomen,
1263 1381 1335 1423 oum

155 1458 294 1541 aliquem
324 1462 409 1523 serat
431 1459 567 1541 petendo
590 1459 623 1524 in
647 1461 831 1525 libertatem
855 1462 1005 1538 eandem,
1036 1483 1101 1544 qua
1129 1464 1197 1547 ipse
1219 1464 1271 1537 sit,
1302 1465 1334 1529 id

158 1567 205 1627 est
227 1563 352 1647 iungat,
377 1563 452 1647 quia
478 1564 587 1649 fruges
610 1587 681 1630 cum
698 1571 858 1645 seruntur,
882 1571 985 1633 terrae
999 1568 1205 1652 iunguntur³.
1242 1568 1332 1644 Quod

158 1673 261 1734 totum
287 1666 421 1734 Verrius
444 1670 607 1745 ἀπιθάνως
630 1671 818 1737 introduxit.
865 1671 905 1736 F.
929 1678 1003 1738 340.

155 1772 202 1838 Se
218 1775 352 1838 sterti
376 1775 514 1858 no⁴[tom
542 1775 728 1857 Oppias(.?)
752 1778 800 1842 uit
823 1779 917 1860 siquo
941 1779 1114 1862 continere]
1138 1779 1281 1862 dupundi
1304 1783 1337 1843 et

158 1879 325 1958 semissis⁶‚
350 1881 449 1963 [accde
472 1884 640 1945 sestertius
656 1883 763 1947 (lictus
780 1886 874 1964 quusi
890 1883 1131 1966 seucisltertiusz
1156 1885 1208 1948 sed
1225 1888 1335 1950 auctos

156 1982 235 2069 esslc
254 1991 369 2065 posteo
392 2004 485 2050 asses
507 1987 543 2048 iu
566 1986 738 2069 sestertia]
781 1988 874 2070 Apud
899 1989 1047 2072 antiquos
1063 1993 1170 2052 autem
1194 1986 1336 2074 [decincti

157 2091 311 2154 deciorum
336 2093 462 2154 ossium
477 2089 583 2173 e]rant
605 2097 637 2155 et
656 2092 804 2157 valebant
821 2093 989 2176 [decusata
1007 2094 1254 2175 dicebanturque
1269 2099 1336 2158 tam

158 2191 359 2280 quadripu]ti
384 2194 496 2279 bigati.
533 2194 741 2280 Quinquennis
765 2196 855 2284 [iteca
871 2199 996 2264 volebat
1010 2201 1209 2279 parietariam.
1246 2197 1335 2263 Idem

155 2295 282 2384 auctor]
307 2304 356 2363 est
378 2321 545 2363 numerum
570 2301 651 2366 acris
668 2301 872 2385 perduct[um
895 2322 964 2367 esse
978 2303 1022 2366 oct
1041 2301 1131 2367 XVI
1152 2304 1186 2367 iu
1202 2303 1334 2368 cenario

157 2404 221 2486 leue
244 2403 427 2487 Flo]minia
450 2406 556 2469 minus
579 2406 732 2484 solvendi,
758 2408 841 2491 cu[m
859 2408 1057 2474 Hannibalis
1074 2409 1152 2473 bello
1163 2407 1335 2490 proruere]-

156 2515 208 2573 tur
232 2509 397 2594 plopulus)
424 2509 643 2594 Rlomanuslt.
689 2513 729 2576 F.
753 2518 826 2578 347.

156 2614 405 2681 Sestertius
428 2616 545 2680 dicitur
568 2621 686 2700 quarta
708 2640 783 2701 pars
807 2618 938 2697 denarii,
962 2641 1026 2703 quo
1049 2624 1191 2701 tempore
1213 2616 1258 2681 is⁷
1282 2616 1337 2681 de·

155 2719 271 2785 cussis⁸
295 2720 429 2797 valebat,
453 2721 485 2785 id
508 2726 557 2784 cst
579 2721 761 2805 dupundius
784 2724 905 2790 semis⁹.
942 2724 980 2787 F.
996 2729 1070 2789 334.
1095 2732 1145 2804 (=
1171 2725 1207 2789 P.
1225 2723 1316 2806 335.)

183 2865 248 2872 ..—.
264 2866 367 2871 -—

238 2930 262 2998 1)
280 2931 328 3001 qui
349 2931 405 2986 cod.
433 2961 465 2969 -
491 2931 519 3000 2)
539 2931 581 3000 Cf.
602 2932 668 2986 laid.
688 2949 726 2988 or.
747 2936 852 3001 10‚260.
880 2963 911 2972 -
938 2934 966 3002 3)
984 2932 1078 3001 iungit
1095 2933 1153 2988 cod.
1172 2962 1205 2973 -
1230 2934 1259 3000 A)
1278 2932 1336 2986 Ex·

159 3025 242 3073 trema
264 3019 356 3074 littera
373 3036 436 3072 uum
455 3036 471 3072 o
489 3020 533 3084 sit,
552 3018 670 3072 dubiam.
689 3048 723 3058 —
743 3019 770 3087 5)
788 3018 894 3074 semisis
913 3019 968 3073 cccl.
988 3049 1022 3058 —
1041 3021 1067 3082 6)
1085 3020 1158 3073 Pan.
1177 3020 1201 3072 lc.
1221 3037 1247 3072 u.
1267 3021 1336 3086 33‚3‚

160 3110 277 3160 etet-47:
297 3109 455 3176 Argentum
473 3105 616 3175 signatum
636 3110 678 3160 est
697 3124 722 3160 a.
741 3123 767 3161 u.
786 3105 996 3161 CCCCLXXXV
1016 3137 1058 3164 —.
1076 3108 1105 3161 et
1123 3104 1232 3176 placuit
1251 3104 1336 3159 dena·

156 3192 227 3248 rium
260 3212 312 3265 pro
335 3192 358 3246 X
378 3193 457 3247 libris
476 3191 561 3256 aeris,
587 3191 747 3261 quinarium
767 3210 818 3262 pro
839 3191 870 3255 V,
895 3192 1055 3248 sestertium
1075 3210 1126 3261 pro
1144 3191 1285 3261 dupondio
1304 3208 1337 3246 ac

160 3283 281 3336 senuisse.
317 3280 430 3336 Librale
448 3285 542 3335 autem
561 3279 669 3350 pondus
689 3280 761 3334 aeris
779 3279 958 3334 imminutum
977 3282 1020 3333 est
1032 3278 1108 3335 bello
1121 3278 1224 3335 Punico
1236 3279 1335 3350 primo,

159 3399 191 3409 -
212 3369 469 3438 constitutumque,
497 3372 529 3422 ut
557 3385 630 3423 asses
655 3370 829 3424 sextantario
853 3369 976 3438 pondere
1000 3369 1158 3424 terirentur.
1182 3368 1337 3424 -Postea

160 3457 324 3513 Hannibale
343 3459 463 3526 urgente
476 3456 505 3521 Q.
520 3455 608 3511 Fabio
622 3456 746 3511 Maximo
765 3455 905 3511 dictatore
923 3459 960 3526 (a.
973 3474 1000 3512 a.
1013 3473 1034 3511 c.
1046 3459 1107 3525 637)
1126 3472 1200 3510 assos
1213 3455 1337 3510 unciales

156 3544 246 3607 lacti,
276 3545 437 3615 placuitque
461 3543 607 3599 denarium
631 3543 749 3599 sedecim
773 3545 881 3599 assibus
900 3544 1064 3615 permutari,
1086 3543 1247 3614 quinarium
1266 3545 1336 3604 octo.

159 3632 318 3686 sestertium
337 3634 480 3701 quattuor.
505 3663 534 3671 —
557 3632 619 3686 Mox
639 3631 702 3699 lege
715 3630 829 3701 Papiria
848 3634 884 3699 (a.
898 3634 959 3699 665)
977 3630 1154 3686 semunciarii
1173 3646 1246 3684 asses
1259 3628 1336 3685 facti.

160 3718 254 3773 Livius
267 3719 373 3772 Drusus
393 3719 422 3772 in
443 3717 592 3772 tribunatu
613 3716 702 3787 plebis
721 3721 757 3785 (a.
768 3721 830 3786 663)
849 3721 978 3774 octavam
998 3721 1107 3787 partem
1126 3716 1199 3771 aeris
1218 3718 1337 3785 argento

157 3807 278 3862 miscuit.
318 3807 344 3861 ls
366 3807 414 3875 qni
439 3823 513 3861 nunc
531 3805 696 3860 victoriatus
716 3806 885 3875 appellatur,
906 3805 967 3874 lege
985 3803 1083 3860 Clodia
1101 3814 1133 3869 (c.
1152 3823 1178 3860 a.
1197 3805 1259 3872 650)
1277 3819 1337 3873 per·

160 3912 254 3950 cussus
272 3897 324 3950 est.
362 3895 456 3949 Antea
474 3893 519 3947 hic
537 3892 610 3948 enim
631 3910 762 3947 nummus
781 3910 814 3948 ex
827 3893 940 3962 Illyrico
959 3891 1092 3947 advectus
1105 3891 1202 3946 marcis
1214 3892 1275 3947 loco
1288 3891 1337 3944 ha·

161 3984 291 4039 bebatur.
329 3984 378 4038 Est
396 3986 491 4037 autem
511 3981 640 4051 signatus
653 3982 787 4039 Victoria.
814 3982 901 4036 Maec.
919 3984 987 4035 craa's
1006 3982 1081 4036 distr.
1098 3984 1146 4033 45:
1169 3977 1338 4032 victoriatus

159 4088 231 4127 nuuc
252 4070 420 4125 tantundem
440 4068 527 4132 valet,
545 4073 684 4138 quantum
704 4069 858 4140 quinarius,
878 4070 943 4125 olim
964 4100 995 4109 -
1018 4070 1075 4123 loco
1088 4067 1187 4121 mercis
1206 4097 1238 4104 -
1253 4065 1337 4119 baba·

157 4157 250 4212 batur.
289 4155 333 4226 Cf.
353 4156 423 4221 Mo,
446 4159 512 4208 rbur.
534 4155 703 4210 Mdaecccseu
723 4176 752 4225 p.
771 4159 919 4210 asa-308.
940 4160 999 4209 338.
1018 4157 1169 4220 387--400,
1189 4155 1237 4221 qui
1254 4170 1338 4207 muen-

157 4245 231 4298 douit
249 4244 432 4312 supplementa
450 4243 584 4298 Micelleri.
611 4276 643 4283 —
667 4247 694 4313 7)
714 4246 756 4298 bis
777 4246 832 4299 cod.
866 4275 898 4284 —
928 4245 954 4314 8)
973 4242 1080 4298 decusis
1098 4243 1148 4296 cod
1184 4272 1212 4279 -
1242 4244 1269 4310 9)
1288 4241 1338 4294 du·

157 4330 279 4400 pundius
298 4330 353 4383 cod.
378 4332 408 4383 ia
421 4331 495 4401 sotio
515 4339 632 4387 extremo
652 4333 906 4400 (saumaricum),
935 4330 1091 4401 dupondius
1110 4333 1139 4385 et
1156 4327 1339 4384 semistertius

159 4418 209 4483 (sic
228 4416 267 4483 G,·
286 4416 369 4471 semis
388 4420 456 4474 aarum
475 4420 560 4487 ulae.)
580 4421 692 4476 Paulus.
