2992 5040
647 292 734 362 Leges
752 293 855 363 regiae.

624 556 654 626 t)
692 557 863 615 tamiris.

247 684 299 746 10.
325 680 423 746 Dio-n.
449 680 597 765 (2,27):1
628 681 665 744 ἐκ
688 693 750 746 των
772 679 865 765 Νομᾶ
888 721 929 731 -
952 683 1064 766 νέμων,
1087 683 1119 746 ἐν
1144 686 1187 758 οἷς
1210 686 1266 747 καὶ
1289 688 1340 748 οὔ·

152 807 206 861 τος
242 786 431 870 γέγραπται·
465 785 519 848 ἐὰν
549 789 653 868 πατὴρ
683 786 739 870 υἱῷ
772 786 963 872 συγχωρήσῃ
992 797 1127 871 γυναῖκα
1150 788 1340 872 ἀγαγέσθαι,

156 894 308 956 κοινωνὸν
334 890 483 974 ἐσομένην
508 890 598 973 ἱερῶν
621 911 655 954 τε
679 893 732 953 καί
756 891 926 975 χρημάτων
948 897 1032 957 κατὰ
1047 897 1118 969 τοὺς
1134 895 1258 978 νέμους,
1282 917 1339 980 μη-

159 997 227 1061 κέτι
252 1001 307 1081 την
332 996 474 1074 ἐξουσίαν
499 997 574 1059 εἰναι
598 1005 641 1079 τῷ
664 997 758 1078 πατρὶ
779 996 895 1060 πωλεῖν
917 1000 971 1060 τὸν
993 999 1068 1064 υἱόν.

249 1105 300 1169 11.
337 1103 414 1168 Pus
439 1103 561 1183 (Ναπεα
587 1100 684 1184 12):¹
708 1099 759 1183 (Ὁ
781 1100 904 1185 Νομᾶς)
928 1106 967 1166 τὰ
990 1102 1091 1187 πένθη
1114 1102 1192 1167 καθ’
1212 1104 1340 1189 ἡλικίας

157 1209 212 1271 καὶ
241 1207 374 1292 χρόνους
408 1207 531 1284 ἔταξεν,
564 1210 627 1271 οῖον
658 1209 757 1270 παῖδα
787 1212 829 1291 μὴ
857 1209 983 1272 πενθεῖν
1012 1209 1165 1292 νεώτερον
1187 1221 1337 1294 τριετοῦς,

156 1314 236 1398 μηδὲ
263 1312 473 1398 πρεσβύτερον
497 1313 643 1388 πλείονας
666 1324 765 1397 μῆνας
784 1316 827 1376 ὢν
852 1314 979 1399 ἐβίωσεν
1005 1315 1152 1379 ἐνιαυτῶν
1169 1313 1261 1398 μέχρι
1276 1326 1339 1381 τῶν

155 1417 244 1495 δέκα,
276 1420 331 1481 καὶ
357 1417 531 1501 περαιτέρω
548 1418 699 1502 μηδεμίαν
714 1417 852 1502 ἡλικίαν·
877 1419 961 1482 ἀλλὰ
977 1429 1032 1482 τοῦ
1048 1421 1248 1503 μακροτάτου
1264 1420 1340 1484 πέν-

156 1523 235 1599 θους
262 1522 375 1606 χρόνον
399 1524 476 1586 εἶναι
502 1523 737 1607 δεκαμηνταῖον,
764 1521 812 1605 ἐφ’
835 1525 908 1586 ὅσον
934 1526 988 1586 καὶ
1012 1525 1197 1608 χηρεύουσιν
1222 1525 1254 1588 αἱ
1276 1535 1339 1589 τῶν

158 1627 386 1691 ἀποθανόντων
412 1638 577 1712 γυναῖκες·
602 1629 623 1712 ἡ
646 1629 680 1691 δέ
704 1627 856 1711 πρότερον
879 1630 1059 1713 γαμηθεῖσα
1083 1629 1156 1714 βοῦν
1178 1630 1341 1714 ἐγκύμονα

159 1733 316 1797 κατέθυεν
342 1733 466 1797 ἐκείνου
488 1733 769 1817 νομοθετήσαντος.

574 1925 603 1994 τ)
630 1926 689 1982 lus
712 1925 917 1993 behtleem.

250 2053 299 2116 12.
338 2049 370 2115 S1
395 2073 444 2123 Qui
468 2072 597 2114 noninsn
621 2071 746 2112 ninsnnn
770 2071 841 2111 nunu
864 2071 957 2112 sums
980 2071 1068 2112 noum
1092 2072 1169 2126 num,
1193 2073 1343 2118 ninmrms

156 2156 258 2221 τετυ.1

249 2263 300 2326 13.
332 2260 460 2326 Seruius
484 2258 530 2340 (in
555 2259 683 2341 Vernilii
706 2259 760 2340 eql.
780 2262 883 2339 4,43);
908 2256 945 2321 ln
967 2256 1092 2322 Numae
1114 2257 1240 2343 legibus
1264 2283 1341 2324 cau-

158 2371 228 2430 tum
253 2371 318 2444 est,
350 2370 387 2429 ut
418 2365 445 2428 si
473 2364 545 2448 quis
568 2364 750 2447 imprudens
774 2363 939 2428 occidisset
961 2362 1132 2442 hominem,
1156 2387 1214 2448 pro
1237 2366 1342 2449 eapite

160 2472 254 2536 occisi
277 2471 406 2554 agnatis
430 2470 497 2534 eius
520 2471 553 2533 in
577 2469 746 2542 contione,⁴
771 2469 899 2533 offerret
921 2468 1083 2532 υνίοῖυυν.ὓ

234 2714 261 2782 1)
281 2714 306 2782 (e
325 2712 434 2782 legibus
453 2713 570 2774 Numae,
591 2711 620 2766 in
641 2713 741 2781 quibus
762 2713 847 2767 etiam
868 2713 936 2766 haee
954 2715 997 2767 est
1015 2713 1133 2782 scriptu:
1153 2712 1175 2765 si
1188 2716 1271 2782 puter
1284 2713 1343 2769 filio

159 2799 320 2870 permiserit
339 2816 451 2854 uxorem
475 2800 588 2866 ducere,
613 2817 686 2868 quse
705 2800 765 2854 iure
784 2801 924 2870 particeps
947 2801 984 2854 sit
1002 2805 1030 2854 et
1049 2817 1191 2855 serrorum
1211 2803 1240 2855 et
1256 2801 1342 2857 bono·

161 2905 233 2950 rum,
254 2887 329 2956 petri
350 2904 404 2942 non
425 2885 601 2956 amplinsius
614 2903 672 2940 esse
686 2887 773 2941 filium
788 2886 947 2954 vendendi.)
973 2886 1015 2955 Cf.
1036 2886 1110 2940 Plut.
1131 2886 1223 2941 Numa
1245 2893 1285 2942 17.
1306 2917 1339 2928 —

161 2976 189 3043 2)
209 2973 316 3044 (Numa
341 2973 462 3029 officium
487 2973 604 3043 lugendi
631 2974 780 3028 secundum
807 2977 916 3029 aetates
934 2976 963 3028 et
982 2975 1110 3042 tempora
1127 2974 1284 3036 constituit,
1309 2977 1341 3028 ut

160 3080 278 3133 puerum
299 3061 383 3118 trimo
402 3062 539 3118 minorem
559 3081 594 3117 ne
614 3062 675 3131 quis
695 3063 801 3130 lugent,
820 3062 953 3117 maiorem
973 3077 1008 3114 ne
1021 3061 1115 3130 plnres
1128 3077 1242 3123 menses,
1255 3079 1342 3131 quem

161 3166 249 3205 annos
274 3148 391 3212 vixerit,
418 3165 504 3218 usque
530 3149 566 3203 nd
592 3150 701 3205 decem:
729 3165 779 3203 nec
801 3165 970 3218 quemquem
989 3147 1109 3201 cuiusvis
1128 3147 1231 3202 aetatis
1249 3147 1345 3214 ultre;

160 3236 208 3291 sed
235 3235 390 3306 longissimi
419 3236 510 3290 luctus
537 3239 648 3306 tempus
667 3253 724 3290 esee
743 3235 835 3290 decem
855 3235 999 3290 mensium.
1039 3235 1091 3288 Per
1120 3234 1194 3304 quod
1218 3234 1342 3305 spatium

162 3323 295 3379 uxoribus
322 3340 431 3391 quoqne
450 3323 645 3379 defunctorum
666 3342 683 3377 n
702 3322 830 3378 secundis
849 3322 955 3393 nuptiis
974 3323 1173 3377 abstinendum
1191 3325 1247 3387 est;
1272 3327 1301 3378 et
1319 3323 1344 3378 si

161 3427 218 3479 qus
238 3409 316 3478 prius
336 3408 470 3478 nupserit,
501 3409 599 3465 bovem
619 3410 707 3464 letam
727 3410 874 3464 immolare
894 3409 1014 3463 debebat
1033 3426 1065 3463 ex
1084 3409 1162 3463 illius
1182 3410 1262 3480 lege.)
1300 3410 1343 3479 Cf.

167 3497 225 3551 Vnt.
234 3496 276 3564 fr.
292 3499 359 3550 321:
378 3494 505 3564 Lugendi
518 3500 613 3551 sulem
627 3500 693 3550 sunt
707 3500 838 3566 parentes
851 3514 932 3558 suno,
946 3496 1026 3551 liberi
1040 3497 1158 3552 maiores
1171 3496 1194 3550 X
1206 3513 1344 3551 annorum

162 3601 249 3654 seque
268 3602 342 3639 anno
362 3584 398 3653 (X
418 3583 578 3652 mensium),
605 3615 639 3624 -
666 3585 785 3640 minores
806 3616 835 3624 -
856 3586 900 3638 tot
913 3585 1054 3638 mensibus
1073 3615 1105 3625 -
1124 3586 1193 3653 quot
1206 3600 1344 3638 annorum

162 3671 332 3727 decesserint
351 3689 436 3740 usqne
458 3671 493 3725 sd
514 3671 676 3734 trimatum5
695 3672 786 3725 minor
804 3670 888 3725 trimo
908 3688 961 3724 non
975 3671 1089 3739 lugetur
1102 3670 1148 3725 sed
1168 3670 1346 3739 sublugetur,

164 3761 257 3816 minor
276 3759 407 3814 anniculo
426 3777 515 3829 neque
534 3761 649 3829 lugetur
668 3777 757 3828 neque
770 3759 945 3825 subingetur.
964 3788 999 3798 -
1016 3759 1044 3828 3)
1064 3757 1136 3812 Fest.
1151 3758 1193 3824 (P.
1202 3760 1265 3816 2211
1278 3757 1346 3812 Par·

164 3847 277 3920 rici[dii]
299 3849 461 3915 quaestores
481 3847 712 3917 appellabantur,
732 3846 780 3916 qni
799 3845 927 3901 solebant
945 3846 1034 3900 creari
1055 3862 1139 3900 cause
1157 3862 1249 3899 rerum
1269 3845 1346 3915 espi-

163 3935 267 3988 talium
286 3933 519 4002 quaerendarum.
556 3934 631 3988 Nam
651 3930 793 4004 parricida
812 3951 868 3987 uon
887 3933 984 4002 utique
1002 3933 1033 3995 is,
1053 3932 1102 4002 qui
1115 3935 1262 4002 parentem
1275 3934 1345 3988 oeci·

164 4021 264 4084 disset,
290 4021 452 4086 dicebatur,
479 4023 525 4076 sed
545 4023 769 4092 qualemcunque
797 4020 936 4076 hominem
955 4021 1159 4075 indemnatum.
1197 4019 1242 4074 ltu
1261 4020 1347 4075 fuisse

164 4107 272 4163 indicet
298 4109 343 4163 lex
364 4109 474 4164 Numae
493 4109 625 4179 Pompilii
651 4109 726 4179 regis
752 4108 794 4162 his
814 4108 968 4177 compositu
986 4108 1091 4162 verbis:
1121 4107 1218 4176 ‘siqui
1237 4107 1293 4163 cet*
1313 4139 1346 4148 -

166 4197 207 4266 Cf.
229 4197 292 4266 neq.
313 4197 391 4250 Rom.
410 4202 451 4251 12.
471 4229 504 4236 -
524 4198 551 4260 4)
572 4197 619 4250 lta
637 4196 784 4250 essentiavit
803 4193 930 4247 Huschke
946 4211 996 4262 pro
1017 4198 1046 4249 et
1065 4195 1139 4248 netis
1158 4197 1216 4249 eius
1233 4194 1264 4248 in
1282 4212 1347 4250 een-

166 4286 250 4342 tione.
271 4315 305 4328 —
324 4288 351 4353 5)
371 4285 414 4354 Cf.
433 4286 506 4340 Serv.
526 4287 555 4340 in
574 4285 648 4355 γαρ.
664 4302 752 4355 ρεοτρ.
771 4286 863 4351 3,387;
885 4283 960 4352 apud
982 4283 1100 4338 maiores
1119 4280 1263 4338 homicidii
1282 4299 1347 4352 poe·

167 4391 235 4428 nem
254 4371 354 4428 noxius
373 4372 470 4427 srietis
492 4372 596 4430 dumne
613 4372 719 4437 luebat,
738 4370 812 4442 quod
831 4371 861 4424 in
880 4387 979 4440 regum
999 4371 1111 4440 legibus
1130 4369 1243 4438 legitur.
