2992 5040
361 396 364 403 .
475 343 572 406 Varro,
592 343 626 398 de
645 344 744 413 lingua
764 345 865 406 latina,
884 344 902 397 l.
922 342 955 396 V.
1264 347 1306 411 53

215 523 242 586 l.
284 520 447 586 ¹Fructum
470 522 576 586 ovium
601 523 660 587 hac
687 522 757 606 lege
784 522 892 587 venire
915 527 1009 606 oport
1028 526 1051 586 t.
1315 534 1359 590 GL

212 629 240 690 2.
277 625 315 691 In
342 628 485 711 singulas
515 629 596 692 casei
621 651 647 691 c.
672 651 707 705 m,
740 627 907 692 dimidium
931 628 1070 704 aridum,
1103 627 1185 691 laete
1216 627 1306 692 feriis

121 731 211 813 quod
235 730 381 796 mulserit
403 732 569 796 dimidium
593 738 625 797 et
650 737 814 816 praeterea
837 732 928 797 lactis
952 755 1063 796 urnam
1086 754 1196 796 unam:
1220 731 1307 797 hisae

127 834 251 919 legibus
275 856 379 921 agnus
406 837 488 902 diem
515 842 548 901 et
575 841 699 903 noctem
723 837 778 922 qui
802 837 926 901 vixerit.

214 941 243 1005 3.
277 940 313 1006 In
331 942 469 1006 fructum
494 948 525 1007 et
541 943 603 1008 kal.
622 942 691 1007 Iun.
713 947 838 1026 emptor
851 942 957 1005 fructu
975 943 1137 1017 decedat²;
1162 943 1188 1006 si
1205 942 1305 1007 inter-

124 1046 270 1110 kalatum
293 1048 364 1124 erit,
390 1048 421 1112 lr.
438 1047 530 1112 Mais.

212 1157 242 1219 4.
278 1152 389 1237 Agnos
413 1177 466 1217 xxx
489 1177 530 1218 ne
548 1154 685 1238 amplius
710 1153 889 1237 promittat.
921 1174 993 1215 ores
1018 1174 1098 1235 qnae
1121 1173 1184 1215 non
1211 1158 1336 1235 pepe-2

126 1258 227 1320 rerint
251 1257 344 1322 binae
366 1280 424 1343 pro
447 1258 584 1343 singulis
608 1258 772 1322 infructu
795 1258 914 1323 cedent.
948 1256 1012 1321 die⁸
1036 1257 1143 1321 lanam
1159 1261 1191 1321 et
1207 1278 1307 1342 agnos

125 1363 244 1426 vendat
263 1385 386 1428 menses
407 1388 434 1439 x,
458 1365 498 1428 ab
518 1370 663 1429 coactare
687 1363 834 1447 releget⁴.

218 1470 247 1534 5.
288 1466 404 1533 Porcos
437 1471 572 1534 aerarios
605 1470 639 1533 in
669 1490 742 1533 oves
774 1469 870 1532 denas
905 1467 1048 1552 singulos
1082 1472 1200 1551 panant.

215 1575 244 1638 6.
280 1572 460 1639 Conductor
482 1575 560 1638 duos
584 1597 706 1638 menses
731 1577 890 1656 pastorem
914 1572 1074 1655 praebeat.

215 1678 243 1744 7.
283 1679 388 1743 Donec
412 1678 540 1742 domino
561 1677 752 1741 satisfecerit
776 1680 832 1740 aut
854 1677 994 1754 solverit,
1018 1676 1145 1760 pignori
1169 1680 1245 1740 esto.

411 1926 469 1992 ΙΙΙ.
500 1927 544 1992 M.
568 1925 820 1992 TERENTIUS
847 1926 1007 1993 VARRO.

370 2086 396 2150 1.
434 2085 611 2151 Elibris
643 2088 688 2151 de
712 2087 1051 2172 lingunLatina.

195 2241 236 2295 Μ.
253 2243 369 2297 Terentii
382 2241 514 2297 Varronis
532 2246 694 2310 (638-727)
713 2244 744 2297 de
763 2245 858 2312 linaria
877 2242 982 2296 Latiam
1000 2258 1069 2310 opus
1087 2242 1156 2296 idem
1169 2257 1225 2295 ecce
1239 2242 1305 2296 aeri·

122 2329 275 2396 similem,
295 2331 367 2399 qnod
384 2332 414 2384 in
433 2332 547 2398 epistola
565 2332 602 2384 ad
619 2332 708 2399 ipsam
728 2332 831 2399 scripta
849 2349 874 2385 a.
896 2334 948 2384 709
966 2330 1015 2393 (ad
1030 2330 1096 2396 fam.
1117 2332 1185 2395 9,8,1
1211 2330 1244 2396 cf.
1269 2330 1307 2383 ad

125 2416 181 2470 Art.
195 2421 308 2484 13,12,3.
327 2419 555 2486 Acad.poei.1,3)
571 2416 661 2472 Cicera
674 2420 767 2472 scribit
779 2419 875 2486 camde
888 2435 915 2471 se
928 2422 1072 2484 impactam.
1093 2416 1169 2469 Num
1181 2414 1305 2471 Cicerone

127 2504 186 2557 aino
208 2505 239 2569 (i.
258 2522 280 2559 a.
299 2511 361 2559 ante
378 2523 404 2559 a.
424 2509 487 2571 711)
512 2507 665 2559 abroirdran
688 2507 732 2571 sit,
759 2522 814 2559 non
832 2510 944 2559 constat.
982 2503 1130 2557 Librorum
1149 2502 1243 2556 XXV
1256 2506 1307 2569 (tot

123 2592 196 2645 enim
212 2593 301 2658 fnisse
319 2594 410 2647 docuit
430 2593 543 2660 ensem,
565 2594 616 2648 Rb.
631 2594 706 2647 Mas.
725 2593 763 2647 N.
777 2593 812 2646 F.
833 2595 911 2659 &525
929 2613 963 2638 =
982 2607 1072 2658 opace.
1086 2594 1176 2657 tibi)
1195 2596 1306 2645 aetatem

126 2681 209 2734 tulere
227 2681 244 2733 l.
261 2680 350 2733 V-X
363 2682 480 2749 pessime
499 2682 602 2735 traditi.
631 2681 849 2735 Fundamentum
871 2680 1032 2733 receneionia
1050 2696 1109 2731 cam
1122 2679 1158 2731 sit
1169 2679 1226 2732 aad.
1240 2676 1305 2732 Fa

124 2768 256 2833 reatinus,
276 2784 336 2821 eum
353 2775 401 2822 ant
420 2775 526 2823 aceretae
544 2786 605 2822 snm
623 2775 679 2833 aar,
699 2769 747 2822 abi
765 2769 799 2822 ab
818 2785 847 2821 eo
866 2768 988 2833 diaecesi,
1009 2767 1040 2819 id
1052 2766 1189 2820 adnotavi.
1217 2765 1304 2819 Acca-

127 2856 215 2909 ratiaa
234 2856 266 2909 de
284 2872 362 2924 opere
378 2857 440 2924 ipao
458 2857 568 2925 eiusque
586 2856 724 2909 codicibus
738 2856 944 2923 dimanat-erant
966 2854 996 2908 0.
1009 2854 1125 2907 Mueller
1136 2855 1167 2906 in
1179 2853 1306 2907 editionis

121 2945 217 3009 (1833)
231 2945 337 3012 praem
355 2943 525 3007 Lachmann,
546 2943 597 2997 ln.
612 2943 687 2996 Mus.
708 2946 801 3008 a‚107,·
822 2942 854 2995 L.
869 2941 981 3009 Spenpcl
997 2941 1028 2993 in
1046 2940 1178 2994 Varronis
1190 2941 1305 2994 editione

127 3033 195 3084 1826
213 3030 306 3100 [qnam
323 3031 429 3084 iteratis
448 3032 522 3085 caris
541 3031 662 3098 repetitit
673 3031 801 3083 Andreas
818 3030 894 3094 fiii-rte
907 3047 932 3082 a.
944 3031 1030 3093 1885],
1041 3034 1136 3095 pastea
1148 3029 1177 3080 in
1191 3028 1303 3081 Miincb.

124 3117 206 3172 atad.
226 3118 296 3171 Abb.
317 3121 408 3185 7,431,·
428 3118 513 3175 dailo.
534 3118 629 3172 Jahrb.
646 3119 667 3184 f.
687 3119 721 3170 it.
742 3117 812 3170 Phil.
833 3120 902 3169 1855
916 3134 946 3183 p.
966 3119 1025 3168 520.

646 3261 727 3315 Liber
746 3260 779 3316 V.

214 3390 244 3454 3.
281 3387 384 3452 Multa
408 3387 504 3451 verba
526 3387 613 3449 aliud
639 3407 721 3450 nunc
744 3385 931 3463 ostendunt,
968 3384 1054 3448 aliud
1080 3390 1155 3450 ante
1179 3386 1302 3470 signifi·

124 3493 253 3569 cabant,
287 3497 322 3556 ut
344 3493 506 3563 hostis3
542 3514 613 3555 nam
639 3497 706 3554 tum
731 3513 767 3555 eo
792 3491 888 3554 verbo
921 3490 1069 3555 dicebant
1091 3491 1303 3575 peregrinum,

124 3599 181 3682 qni
205 3598 270 3661 suis
295 3595 419 3680 legibus
444 3602 596 3671 uteretur,
621 3619 704 3659 nunc
728 3596 837 3659 dicunt
856 3617 938 3671 eum,
963 3617 1055 3678 quem
1073 3601 1140 3660 tum
1158 3595 1304 3659 dicebant

128 3703 348 3786 perduellem⁶.

214 3808 266 3872 27.
303 3806 480 3870 Flavius
505 3806 587 3889 quod
611 3805 694 3884 fluit,
718 3806 794 3870 item
811 3807 874 3869 flu
887 3830 985 3877 men:
1011 3829 1109 3891 aquo
1127 3808 1196 3892 lege
1211 3828 1303 3890 prae·

124 3912 251 3977 diorum
283 3912 477 3975 urbanorum
501 3912 667 3974 scribitur:
700 3911 881 3976 ‘stillicidia
905 3913 1100 3996 fluminaque
1123 3918 1160 3976 ut
1182 3913 1227 3974 ita
1251 3933 1303 3973 ca-

212 4159 235 4227 l)
256 4155 381 4212 CLVIHl
413 4158 451 4210 De
469 4156 605 4210 fructibus
623 4158 717 4213 ovium
738 4155 893 4210 vendundis
911 4155 994 4207 indae
1014 4154 1041 4207 C.
1062 4184 1095 4192 -
1114 4154 1144 4220 2)
1162 4154 1216 4218 fuit
1229 4153 1303 4221 jere:

128 4245 159 4300 in
178 4244 302 4299 fructum
321 4243 390 4315 [kal.
403 4243 461 4297 Inn.
481 4248 591 4312 emptor
611 4242 717 4310 veniat]
736 4246 764 4295 et
784 4241 842 4295 kal.
857 4242 917 4294 Iun.
937 4244 1046 4310 emptor
1065 4240 1158 4292 fructu
1177 4238 1303 4294 decedat.

128 4363 160 4373 -
185 4332 214 4402 8)
238 4332 294 4402 die]
313 4333 433 4400 sortasse
456 4348 488 4385 ex
508 4349 562 4400 qao
582 4330 634 4384 die.
662 4360 695 4368 -
722 4330 750 4393 4)
768 4328 886 4397 releget]
906 4327 1018 4395 deteget
1038 4327 1197 4380 Grarroaine.
1222 4356 1257 4365 -
1275 4326 1303 4394 5)

124 4420 168 4489 Of.
188 4419 287 4474 Festus
305 4437 329 4474 a.
349 4419 449 4475 Hostia.
