2992 5040
679 281 766 352 leges
784 281 885 352 regiae.

552 528 593 596 IL
619 528 750 596 NUMA
775 529 1017 598 POMPILIUS.

282 669 309 733 l.
339 668 451 733 Livias
473 671 621 751 (1‚19,1):
646 667 780 753 (Numa)
804 708 847 717 —
869 671 980 735 urbem
1006 693 1133 750 novem,
1156 673 1318 736 conditum
1343 672 1377 736 a·

193 773 355 852 sturmis,
378 774 447 838 iure
478 811 510 820 -
535 774 721 859 legibusque
744 797 780 840 ac
795 776 939 840 moribus
963 778 1001 841 de
1016 776 1145 861 integro
1167 776 1302 841 condere
1316 799 1373 860 pa·

193 881 253 943 rat.
288 879 317 943 2.
338 877 399 944 Cic.
418 878 467 960 (do
482 901 548 960 rep.
564 884 722 964 2‚14,2u):
747 880 870 945 animos
886 881 1061 965 propositis
1077 881 1201 967 legibus
1216 881 1277 960 his,
1294 904 1374 966 quas

194 981 228 1046 in
250 984 463 1048 monumentis
494 985 660 1063 hebemus,
684 1024 724 1033 -
749 986 941 1072 religionum
975 986 1177 1051 caerimoniis
1199 986 1376 1071 mitigavit,

194 1106 365 1171 omnesque
378 1068 494 1172 ‘partes
517 1090 680 1177 religionis
702 1092 817 1156 statuit
839 1093 1050 1157 sanctissime.
1097 1093 1128 1156 3.
1155 1090 1219 1157 Gir.
1239 1091 1293 1174 (de
1307 1113 1375 1174 rep.

192 1195 308 1274 5,2,3):
333 1192 469 1277 (Numa)
492 1193 600 1280 legum
623 1197 719 1262 etiam
741 1199 878 1281 scriptor
900 1197 1000 1276 fuit,¹
1024 1219 1104 1281 quas
1127 1196 1215 1261 scitis
1238 1200 1359 1261 extare.

631 1368 662 1437 a)
691 1368 937 1425 tusscorum.

283 1494 311 1556 1.
360 1488 434 1555 Vno
458 1514 556 1555 nouus
578 1514 614 1555 ns
637 1490 848 1556 nesciremu'

281 1598 310 1661 2.
357 1595 472 1660 Pinnas
495 1620 573 1660 annu
596 1619 916 1672 iusosrsnnrsxu1ro;
940 1621 965 1661 s1
982 1619 1096 1671 rantur,
1122 1619 1378 1661 1usosicrru1nus

194 1725 320 1767 armeus
343 1724 442 1766 aunon
464 1723 591 1765 renuunt
613 1724 742 1765 canuno.
765 1699 778 1737 ³

280 1809 310 1871 3.
356 1805 389 1871 S1
418 1829 547 1870 nonusis
577 1828 690 1869 sunsei·
720 1809 761 1885 (Ρ)
789 1829 908 1881 ocorsn,
942 1829 977 1870 us
999 1829 1090 1869 suras
1122 1829 1215 1870 onnus
1239 1829 1372 1870 roinrro.

194 1911 283 1976 Hono
306 1935 331 1975 si
354 1933 478 1975 suimus
500 1933 611 1974 occisos
634 1933 695 1987 nsr,
718 1932 745 1973 n1
768 1932 850 1973 russi
873 1932 968 1974 nunni
994 1933 1069 1974 sirm
1093 1910 1256 1974 onournr.⁴

281 2017 311 2082 4.
358 2015 448 2080 cuns
477 2038 604 2079 ursmaro
632 2037 733 2078 crasse
764 2037 917 2078 raconem
951 2037 1037 2077 orm
1071 2038 1167 2079 snitu
1199 2037 1375 2092 cnrrunrun,

193 2144 250 2186 rou
273 2144 411 2185 ssusrnio
435 2143 527 2184 novas
551 2143 683 2196 (runcina
707 2143 756 2192 our
779 2143 870 2196 unuin,
895 2143 977 2183 inuis
1000 2144 1049 2184 ece
1073 2144 1177 2185 mmm
1200 2120 1376 2186 ononrnsr.⁶

193 2249 319 2291 secunus
342 2249 449 2303 suuni,
472 2248 501 2289 nr
517 2248 621 2289 usuris
645 2248 722 2288 nunu
738 2248 765 2288 rs
781 2247 872 2288 cinno
888 2248 1098 2303 solimannus,
1122 2249 1198 2290 ursi
1215 2248 1371 2299 sonorum,

195 2354 327 2406 uisurum
362 2328 427 2414 [osu
458 2353 552 2409 uniar,
585 2354 666 2394 assis
695 2354 727 2394 cc
759 2329 857 2416 uino]
891 2353 995 2394 renni
1017 2354 1127 2406 sconii,
1152 2354 1231 2395 narn
1255 2352 1376 2403 ommno

196 2522 263 2576 delet
281 2521 366 2585 Mae.)
386 2538 460 2576 nune
477 2521 617 2591 significat
635 2525 664 2577 et
683 2538 745 2576 cum
762 2520 967 2591 praepositione
987 2520 1141 2590 inplorare,
1162 2521 1192 2574 id
1212 2523 1254 2575 est
1270 2519 1315 2590 [id
1336 2522 1381 2575 est

195 2609 263 2677 det]
280 2609 423 2671 iuvocare,
443 2612 474 2662 at
493 2611 543 2675 (sic
560 2610 630 2669 eod.)
651 2609 725 2679 apud
745 2609 875 2678 antiquos
893 2609 980 2679 plana
998 2608 1164 2665 inclamare.
1183 2610 1214 2662 in
1234 2607 1309 2678 regis
1325 2608 1380 2664 Ro-

196 2696 265 2750 muli
285 2699 313 2752 et
332 2695 408 2750 Tatii
427 2695 536 2765 legibus
554 2698 578 2750 si
597 2715 682 2751 nurus
700 2715 779 2751 sacru
798 2696 873 2751 divis
896 2699 1047 2767 parentum
1067 2696 1148 2752 estod
1166 2695 1196 2749 in
1210 2694 1290 2750 Serri
1302 2693 1380 2750 Tulli

195 2784 265 2838 haec
282 2785 324 2836 est
342 2782 366 2836 si
384 2785 529 2850 psrentem
548 2799 617 2852 puer
637 2783 758 2837 verberit
780 2786 825 2837 ast
837 2783 894 2839 olle
907 2783 1049 2853 plorassit
1065 2799 1155 2852 paren
1167 2820 1190 2837 ..
1202 2820 1209 2834 .
1222 2798 1291 2851 puer
1303 2780 1377 2835 divis

196 2873 346 2940 parentum
364 2886 441 2924 sacer
460 2872 519 2925 esto
537 2869 565 2923 id
579 2872 621 2924 est
633 2869 765 2924 clamarit
784 2869 832 2924 dix
853 2909 901 2926 ...
922 2871 981 2941 [Sic
992 2871 1075 2925 codsa
1089 2877 1151 2924 teste
1165 2869 1301 2924 Huelseao
1322 2885 1379 2923 cor·

194 2959 283 3026 ruptis
300 2957 385 3012 vobis
402 2957 573 3025 curatorisque
589 2959 721 3024 traiecti35
739 2959 906 3012 scribendum
918 2960 1062 3027 sortasse:
1081 2959 1111 3013 in
1130 2957 1203 3029 regis
1218 2956 1332 3013 Romuli
1351 2960 1381 3011 st

196 3043 274 3098 ‘l'atii
293 3043 402 3113 legibus
420 3044 489 3097 haee
506 3046 560 3097 est:
582 3042 614 3096 ‘si
633 3048 780 3113 parentem
799 3061 870 3113 puer
892 3044 1025 3109 verberit,
1045 3049 1090 3100 ast
1108 3044 1164 3101 olle
1181 3043 1314 3115 plorassit
1330 3061 1382 3112 pa-

198 3148 270 3196 rens,
288 3148 357 3201 puer
376 3131 447 3184 divis
460 3134 609 3200 parentum
624 3148 701 3185 sacer
714 3131 811 3186 estod?
831 3131 861 3184 id
877 3135 919 3186 est
930 3133 1071 3187 clamarit.
1090 3133 1224 3188 adicitur:
1244 3131 1275 3184 ‘si
1285 3147 1382 3194 nurus,

196 3236 276 3273 sacru
295 3218 367 3272 divis
386 3222 534 3288 parentum
554 3218 640 3273 sstod'
660 3220 689 3273 in
708 3219 787 3275 Servi
808 3219 892 3275 Tulli.
935 3220 1004 3275 Divi
1019 3227 1161 3290 pareatum
1178 3225 1242 3274 suat
1259 3219 1301 3272 dii
1324 3235 1381 3272 ora·

195 3324 255 3375 aes,·
274 3308 309 3375 cs.
325 3306 353 3361 0.
367 3307 390 3360 l.
401 3307 435 3360 L.
449 3312 463 3359 1
480 3325 506 3361 a.
520 3311 585 3360 1241
601 3312 812 3362 :10a42552
833 3308 893 3363 dois
914 3309 1036 3364 inferum
1049 3315 1201 3378 parentum
1220 3323 1332 3361 sacrum
1351 3305 1382 3359 ni

204 3394 320 3450 violato.
347 3394 396 3448 ΤΗ.
416 3394 464 3463 Μ.)

270 3482 296 3549 1)
315 3482 361 3536 Ito
376 3481 459 3536 Halm
472 3498 525 3550 pro
544 3481 649 3537 fuisset.
668 3512 703 3521 -
721 3483 748 3552 2)
770 3483 842 3536 Ptin.
861 3483 922 3538 ab.
935 3486 1075 3549 14,12,83:
1095 3484 1206 3537 Numae
1224 3481 1298 3549 regis
1316 3484 1382 3551 post

197 3587 259 3624 eum
278 3569 327 3640 [sie
343 3571 446 3638 scrr'psi,
465 3587 524 3624 cum
538 3571 684 3639 praecedat
697 3571 809 3625 Εοηικίί
828 3573 942 3638 roratio,
963 3571 1107 3640 posthumi
1120 3572 1160 3624 orl
1174 3573 1304 3640 postumo
1318 3570 1384 3623 libri

197 3656 248 3711 Tu.
268 3656 317 3726 u]
336 3657 453 3711 laxent:
474 3658 548 3713 'vino
565 3659 620 3713 oct*
640 3690 673 3698 -
693 3660 719 3728 3)
739 3658 811 3714 Fest.
831 3661 875 3727 (P.
890 3663 955 3723 222)
983 3659 1107 3714 Pselices
1121 3689 1164 3711 -.
1185 3656 1304 3726 Antiqui
1317 3672 1382 3727 pro·

198 3743 258 3813 pris
276 3761 337 3798 eam
356 3744 489 3814 paelicem
509 3746 703 3811 nominabant,
722 3764 794 3816 quse
809 3763 923 3802 uxorem
938 3746 1053 3800 habenti
1073 3744 1206 3799 nubebat.
1226 3743 1271 3798 cui
1286 3744 1382 3815 generi

199 3832 346 3887 mulierum
365 3832 453 3888 etiam
472 3849 562 3903 poena
579 3833 734 3888 constituta
753 3836 795 3888 est
808 3850 825 3887 a
836 3831 930 3887 Numa
948 3832 1087 3901 Pompilio
1108 3832 1160 3884 hac
1175 3832 1256 3900 loge:
1275 3831 1385 3900 ‘paelex

197 3921 252 3977 cet*
289 3922 357 3976 Item
376 3922 479 3976 Gellius
496 3925 566 3985 4,3,3
590 3922 639 3975 rrbr'
655 3929 693 3976 est
711 3921 814 3991 tangit,
833 3921 907 3989 oport
924 3919 1035 3974 Festum
1062 3922 1172 3989 tanget.
1201 3949 1233 3959 —
1261 3919 1290 3988 4)
1309 3917 1382 3972 Fert.

199 4006 246 4079 (F.
258 4013 317 4072 178)
336 4008 460 4063 Occisum
481 4025 498 4061 a
517 4010 618 4062 necato
636 4007 773 4078 distingui
792 4009 854 4075 (scr.
866 4007 1057 4075 distinguunt)
1075 4007 1200 4074 quidam,
1218 4005 1294 4074 quod
1311 4007 1383 4060 alte-

198 4115 259 4152 rum
278 4096 452 4152 scandendo
471 4101 556 4167 atqua
574 4096 632 4151 ictu
651 4096 709 4150 fieri
728 4096 832 4157 dicunt,
854 4096 976 4148 alterum
994 4094 1054 4148 sine
1069 4095 1135 4147 ieta.
1168 4092 1268 4162 Itaque
1281 4093 1312 4147 in
1324 4092 1383 4146 Nu·

202 4201 264 4239 mas
281 4184 409 4255 Pompilii
429 4184 503 4253 regis
517 4184 626 4254 legibus
637 4183 772 4253 scriptum
785 4200 856 4238 esse:
877 4183 906 4236 ‘si
921 4183 1061 4238 hominem
1077 4180 1242 4236 fulminibus
1259 4180 1384 4250 (fulmen

199 4272 271 4328 lovis
289 4272 419 4341 Scirtiycr)
444 4272 539 4329 occisit
557 4303 591 4312 -
613 4271 714 4328 tollito'
734 4274 762 4326 et
782 4270 863 4324 alibi:
892 4272 983 4325 ‘homo
1001 4269 1056 4324 αι’.
1076 4300 1111 4308 -
1136 4269 1164 4340 5)
1183 4268 1239 4323 iovi
1263 4268 1378 4324 feretrio

196 4359 290 4416 darier
308 4363 436 4430 oportent
454 4363 483 4415 st
496 4361 593 4417 bovem
608 4359 717 4415 caedito
736 4359 783 4427 qui
803 4358 876 4428 cepit
895 4357 966 4412 aeris
986 4355 1028 4411 OC
1049 4344 1177 4414 truditut.
