2992 5040
592 333 694 390 Edicta
715 336 887 404 praetorum.
1268 335 1332 399 203

154 510 310 565 Edictorum
328 512 409 566 rerba
427 527 442 565 e
459 511 528 565 libro
541 526 599 563 meo
620 509 682 575 (dae
694 508 826 562 Edictum
839 508 999 578 Perpetuam
1012 507 1058 580 [Ε.
1072 508 1123 576 Ρ.],
1136 511 1215 575 1883)
1234 508 1336 577 repetii,

154 614 283 667 perpauco
309 600 457 652 immutavi.
493 597 567 667 Quae
591 604 679 652 auton
696 613 752 650 nou
771 597 933 651 adverbum
951 613 1073 666 mprmso
1096 598 1243 651 traduntur
1258 596 1337 651 sede

157 688 352 741 commentariis
370 686 536 741 restituendo
555 692 644 752 aaut,
658 687 830 754 praetermisi
847 687 902 739 nisi
912 686 1043 740 adcetem
1056 686 1150 739 melius
1161 684 1336 754 intellepenela

158 773 257 843 aliquid
274 774 397 843 conferre
415 774 581 828 ridebantur.
624 772 777 826 I'itnlorum
794 773 887 826 scriem
901 774 1046 843 praecipue
1063 773 1101 828 aa
1116 772 1228 842 Ulpiani
1241 772 1336 827 Pauli·

156 878 199 928 aue
225 862 309 917 libros
332 865 362 916 in
388 864 508 932 morpiue
534 862 677 916 adnotatos
702 863 823 927 restitui,
851 878 904 929 qua
932 861 964 914 cle
980 877 1009 915 re
1035 862 1071 929 cs.
1090 861 1125 914 E.
1145 861 1177 915 P.
1200 880 1228 930 p.
1246 864 1263 913 3
1280 876 1335 928 sqq.

159 947 353 1005 Controversias
371 951 421 1004 lcoc
439 951 496 1005 loco
515 967 569 1003 esse
586 949 746 1004 omittendas
763 951 860 1003 censui.

449 1110 553 1190 (Pars
571 1111 691 1190 pri-rua.
738 1109 789 1173 De
811 1110 877 1173 liris
900 1110 1052 1189 socordio.)

237 1248 341 1317 ‘Neque
365 1251 394 1301 iu
416 1255 509 1317 partes
532 1265 615 1316 nepae
637 1251 667 1302 in
693 1249 776 1303 libros
798 1248 913 1302 divisum
935 1249 1024 1317 fuisse
1047 1248 1160 1302 celicium
1175 1254 1333 1317 perpetuum

159 1336 232 1389 ‘inter
249 1351 339 1389 omncs
357 1341 475 1401 constat,¹
494 1338 581 1392 litailis
598 1344 688 1391 anton
703 1339 812 1406 urceola
830 1338 924 1404 edicta,
944 1355 1012 1407 qnae
1029 1339 1066 1391 orl
1083 1337 1191 1391 eandem
1209 1353 1263 1390 rem
1274 1353 1332 1405 per·

161 1423 254 1483 ‘lineat
275 1424 462 1491 comprehensa
474 1425 564 1492 juisse
582 1431 637 1478 tani
660 1425 794 1492 Ulpianus
812 1443 892 1493 queam
910 1426 961 1478 alii
977 1425 1085 1485 dicaam
1105 1424 1193 1478 titulis
1210 1424 1334 1478 rubricae

162 1511 308 1578 's'rrecr-iplae
326 1517 411 1575 erarrl,
438 1528 506 1579 qaae
526 1529 624 1581 nrapua
642 1528 675 1565 ec
688 1515 816 1581 partein
834 1513 942 1580 dr'peslis
960 1515 1087 1582 repetitae
1103 1519 1175 1578 sont,
1194 1512 1276 1566 veluti
1293 1513 1335 1566 ‘de

159 1599 192 1649 ‘in
209 1599 252 1651 ius
268 1598 406 1663 vocando’,
427 1599 466 1652 ‘de
483 1600 502 1654 i.
521 1601 539 1654 i.
558 1601 690 1665 restitut.',
710 1600 750 1653 ‘de
761 1601 814 1654 reb.
828 1600 943 1654 creditis*
962 1607 1008 1656 etc.
1037 1599 1098 1654 Gai.
1112 1601 1181 1666 l‚l6.
1205 1599 1334 1666 D.3,1,1;

157 1689 238 1751 ‘l,1,l,·
257 1689 355 1751 12,1,1,·
372 1688 499 1753 43,1‚2,3;
517 1689 686 1754 50,16,195‚3.
727 1688 751 1740 Τ
748 1689 875 1741 italorum
895 1690 975 1742 sen'es
993 1704 1027 1741 ee
1043 1688 1155 1756 Ulpiani
1166 1689 1334 1756 alienumque

160 1774 235 1828 ‘libres
254 1773 291 1826 ad
308 1773 347 1829 erl.
362 1774 449 1841 facile
467 1776 649 1842 copuoecitur;
668 1791 799 1842 armenam
806 1776 896 1841 suerit
908 1775 1068 1843 disponendi
1080 1777 1159 1837 ratio,
1172 1775 1334 1828 veliementer

158 1861 246 1914 ‘adhuc
266 1861 437 1928 disceptatur.
476 1861 549 1914 Erat
567 1868 654 1915 autem
674 1862 786 1915 edietum
807 1870 850 1926 (ut
868 1863 954 1917 alicam
973 1863 1040 1931 quill
1049 1853 1179 1922 sentiaml'
1194 1879 1276 1931 ireque
1291 1878 1331 1916 co

159 1948 210 2001 'lec
232 1950 301 2001 iuris
325 1964 408 2016 neque
433 1948 499 2001 ordo
523 1949 683 2002 iudiciam'us
705 1966 788 2016 neque
812 1950 878 2002 lelrer
895 1952 1037 2004 actuosum.
1076 1949 1212 2002 Nimimon
1231 1955 1331 2003 reattuo

158 2038 214 2089 ‘aas
238 2053 293 2089 non
315 2042 403 2103 potest
424 2042 494 2089 recte
518 2035 635 2088 iudicari
656 2035 712 2087 rarsi
727 2052 761 2088 ee·
778 2035 870 2103 osticio
886 2039 1020 2104 praetoris
1038 2039 1080 2089 ius
1099 2036 1216 2089 ‹lr'eentrs
1256 2036 1333 2090 Haec

159 2125 227 2175 ‘err'rn
244 2125 390 2191 praecipue
408 2123 452 2175 illi
467 2128 544 2175 erant
563 2122 744 2175 obscuranda:
763 2128 785 2176 1.
805 2129 835 2176 ut
854 2123 909 2177 litas
927 2123 1065 2177 exordium
1084 2123 1236 2187 orrlinaret‚·
1254 2128 1281 2177 2.
1301 2131 1332 2177 ut

158 2210 275 2264 ‘aulones
299 2211 396 2278 quibus
414 2210 521 2277 litiparc
536 2216 643 2277 possent
661 2211 832 2263 constitueret
838 2230 847 2277 ,·
873 2214 897 2264 3.
917 2212 994 2265 utin
1014 2211 1066 2273 tine
1085 2212 1140 2263 litis
1158 2226 1230 2278 opem
1245 2211 1332 2277 ferret

158 2297 287 2352 ‘adsersus
305 2315 379 2352 reum
397 2298 438 2351 vel
456 2297 657 2351 condemnatum
677 2297 717 2350 oel
736 2298 884 2366 consessum
903 2300 943 2351 rel
962 2315 1015 2351 uon
1033 2297 1178 2365 (lesensium,
1197 2298 1333 2351 amouens

158 2389 214 2437 ‘tam
232 2384 348 2453 sinpalis
364 2400 444 2451 quarn
461 2385 594 2452 pluribus,
614 2386 708 2453 quiin
727 2386 797 2439 bona
818 2388 874 2440 eins
891 2392 1084 2440 concurrerent.
1122 2386 1180 2456 Quo
1193 2387 1286 2440 ordiris
1301 2389 1331 2440 in

160 2473 334 2542 ‘desperandis
352 2472 444 2526 edictis
462 2479 566 2526 sonato
584 2472 705 2540 effectum
724 2481 769 2541 eet,
787 2481 819 2527 ut
834 2481 890 2528 tres
904 2475 1070 2543 principales
1085 2476 1189 2543 possint
1202 2474 1332 2543 ‹hstinpni

157 2564 256 2628 ‘partes
283 2560 380 2628 quibus
397 2565 495 2628 qnorlo
514 2560 616 2614 accedit
634 2576 705 2615 rrooa
723 2562 917 2616 iurisdictiones
931 2563 1086 2630 praetoriae
1103 2563 1227 2615 irretiluta
1246 2564 1330 2616 conti-

156 2652 236 2701 ‘nens¹
261 2647 415 2711 interdicta,
434 2649 606 2716 receptiones,
624 2648 811 2716 stipulationes
828 2651 986 2717 praetorios.
1024 2649 1174 2715 Dr'sficilior
1191 2655 1229 2702 est
1247 2650 1330 2718 expli·

155 2742 219 2787 ‘colu
243 2736 316 2788 ratio
341 2734 443 2788 ordinis
467 2733 607 2787 titulorum
629 2733 760 2786 secandae
780 2736 884 2802 partas,
912 2752 965 2802 auo
986 2735 1017 2788 dc
1036 2752 1064 2788 re
1081 2735 1171 2788 videas
1190 2734 1332 2803 Radorstii

155 2822 405 2875 ‘consumationem
423 2822 454 2873 in
471 2819 558 2873 ΖΒΘ.
577 2823 652 2886 3,ῠ3,
680 2820 739 2874 lieet
756 2837 885 2874 summam
904 2839 984 2889 qnam
1002 2822 1047 2874 ille
1065 2824 1204 2889 proposuit
1222 2822 1330 2876 divisio·

154 2918 215 2962 'reon
233 2910 262 2962 in
281 2909 368 2963 edicta
386 2908 418 2961 de
435 2909 493 2961 iure
511 2914 534 2961 el
553 2907 757 2975 depresessione
771 2909 890 2976 equidem
903 2926 957 2962 non
971 2909 1214 2976 comprobaverim!
1234 2908 1332 2962 Bevus.

158 2996 185 3048 In
203 2997 246 3050 leis
264 2995 387 3048 omnibus
405 2995 551 3048 doctissimi
576 2995 628 3046 ciri
644 2996 790 3048 sententiae
808 2995 927 3048 lubenter
944 2996 1087 3049 subscribo.
1127 2994 1265 3048 Securulae
1283 3012 1331 3059 au·-

154 3090 200 3136 tem
226 3083 308 3136 edicti
330 3083 418 3151 portis
443 3082 582 3135 titulorum
606 3081 723 3134 ordinem
750 3099 807 3134 curn
832 3099 885 3136 csse
903 3084 1033 3138 oriilror.
1063 3090 1091 3135 ul
1108 3084 1226 3150 prinunn
1246 3082 1330 3135 locoru

154 3177 254 3222 teneant
274 3185 344 3238 quae
361 3185 375 3222 e
392 3185 465 3222 nima
483 3167 668 3221 iurisdictione
682 3167 797 3235 pandent
809 3170 934 3236 artiones,
954 3169 1047 3223 alaude
1060 3186 1091 3222 ea
1105 3175 1253 3236 sequantur
1264 3170 1333 3223 iuris

153 3258 254 3311 metilia
274 3273 342 3324 puae
360 3259 531 3309 continentur
549 3257 667 3324 imperio,
686 3257 721 3323 cs.
741 3257 776 3312 E.
789 3258 819 3309 Ρ.
839 3276 865 3326 p.
882 3258 964 3323 VIII,
978 3262 1018 3311 16.
1055 3258 1116 3328 Quia
1131 3260 1235 3311 ratione
1248 3264 1331 3312 toturn

154 3344 264 3398 cliuum
285 3347 314 3397 in
335 3345 451 3412 quinque
468 3350 558 3411 portes
575 3344 661 3398 aioni.

236 3465 262 3533 Ι.
311 3466 369 3533 De
392 3467 732 3533 iurisdietione¹.

240 3576 268 3637 1.
310 3573 359 3636 Ad
392 3573 483 3654 apen
515 3573 765 3657 municipalem².
815 3599 841 3638 a.
878 3574 911 3639 Si
940 3577 1010 3661 quis
1043 3577 1092 3640 ius
1117 3577 1233 3641 dicenti
1268 3596 1331 3639 non
1357 3573 1412 3651 {31¹5

156 3676 448 3761 obtemperaverit³‚
473 3676 596 3760 (queruli-
619 3699 655 3741 eo
679 3700 728 3742 res
752 3681 819 3755 erit,
845 3679 995 3744 iudicium
1021 3681 1124 3765 rlrrlro).

239 3781 272 3844 b.
307 3779 340 3844 Si
365 3780 436 3865 quis
465 3781 499 3843 in
530 3781 579 3845 ius
604 3789 733 3847 vocatus
757 3834 868 3849 .....
895 3808 956 3850 uon
981 3787 1056 3852 ierit
1080 3788 1146 3852 sive
1170 3788 1336 3871 quiscum

163 3886 331 3962 vocaverit,
355 3908 448 3970 quem
473 3907 510 3949 ex
527 3886 630 3952 edicto
646 3911 709 3953 non
728 3890 901 3963 debueril⁴,
926 3941 1032 3955 .....
1052 3891 1216 3975 (italiorum
1232 3890 1336 3971 (labo).

238 4012 264 4055 c.
304 3989 369 4074 (Ile
389 3991 505 4054 (lerneuo
528 3991 665 4075 ‘iret'rrtol
696 4045 702 4058 .
723 4045 729 4059 .
747 4043 754 4058 .
773 3995 840 4057 eius
857 3995 901 4058 rei
921 4045 927 4058 .
946 4046 952 4058 .
971 4045 977 4058 .
996 3995 1125 4071 domei,
1153 3996 1208 4078 qui
1224 3996 1335 4071 aberit,

223 4130 249 4199 1)
268 4128 353 4182 Rubr.
374 4128 411 4184 D.
423 4134 474 4192 2‚1.
493 4156 527 4168 -
545 4130 572 4197 2)
594 4129 679 4182 Rabr.
699 4132 735 4186 I).
758 4136 858 4196 (50‚1):
877 4132 915 4184 ad
931 4134 1121 4200 municipalem
1140 4139 1164 4186 et
1182 4132 1214 4185 de
1231 4134 1333 4185 incolas,

156 4214 197 4283 Cf.
216 4216 307 4281 cenet,
333 4214 478 4281 ZRG.15,
502 4235 529 4284 p.
548 4220 581 4269 16
598 4234 652 4285 sqq.
680 4247 713 4257 —
743 4220 771 4282 3)
793 4219 864 4272 Sunt
885 4220 963 4272 eerlro
982 4220 1053 4272 uno.
1072 4221 1108 4275 I).
1127 4225 1186 4286 2,3;
1210 4235 1336 4287 persaepe

154 4304 220 4357 enim
242 4304 388 4358 didonem
411 4304 492 4357 cerlo
513 4305 634 4357 initialia
653 4304 817 4373 elipestorum
836 4307 923 4359 titulis
942 4313 971 4360 ul
988 4307 1114 4359 rrrbricae
1132 4308 1264 4373 inscripta
1282 4321 1336 4359 esse

158 4390 284 4445 nascor.
304 4420 336 4430 -
356 4392 385 4454 4)
405 4390 491 4444 Rulrr.
511 4390 546 4443 l).
565 4394 617 4453 2,.ὄ.
