2992 5040
165 325 231 392 218
616 322 718 381 Edicta
735 327 907 396 praetorum.

84 500 151 579 {3:4⁶3}
257 499 376 567 XXIX.
410 499 469 567 De
492 523 600 587 aqua
623 506 665 566 et
687 522 816 586 equae
838 501 1011 586 pluviae
1033 502 1267 568 arcendae¹.

60 605 156 685 3:233]
256 604 357 679 XXX.
392 604 822 671 Deliberalicausa².
869 607 898 671 1.
925 607 1184 674 Sieoeservitutc
1205 606 1350 672 deliber-

166 715 261 774 totem
279 715 416 791 petatur.
462 710 492 775 2.
527 710 565 775 Si
588 731 626 776 ex
648 711 786 776 libertate
817 713 851 775 in
872 713 1052 777 servitutem
1069 711 1224 794 petutur⁸.
1264 713 1296 777 3.
1318 710 1353 777 Si

166 816 385 879 controversia
417 816 494 893 erit,
526 820 634 879 utrum
658 837 695 880 ex
719 816 874 880 servitute
897 816 931 881 in
955 816 1137 881 libertatem
1159 819 1288 900 petatur
1310 837 1350 880 eu

169 941 207 983 ex
231 917 382 983 libertate
404 919 437 982 in
462 919 665 985 servitutem⁴
683 967 817 984 ......

84 1025 149 1104 3552·
257 1021 376 1089 XXXI.
412 1021 470 1088 De
492 1023 768 1108 publicanis⁶.
814 1024 905 1101 Quod
928 1024 1117 1108 publicanus
1140 1025 1209 1089 eiua
1231 1024 1353 1109 publici

166 1127 296 1193 nomine
318 1129 348 1192 vi
372 1127 528 1193 ademerit
551 1129 675 1213 quodve
697 1127 821 1193 familia
845 1129 1099 1214 publicanorum,
1123 1129 1150 1193 si
1170 1129 1204 1194 id
1219 1129 1350 1194 restitu-

166 1235 235 1295 tum
259 1254 323 1297 non
348 1233 419 1311 erit,
442 1233 476 1297 in
500 1233 634 1317 duplum
649 1238 715 1309 aut,
739 1233 767 1297 si
782 1239 856 1317 post
871 1255 991 1298 annum
1008 1238 1133 1317 egetur,
1149 1235 1183 1297 in
1198 1232 1353 1318 simplum

165 1336 318 1402 iudicium
354 1337 447 1402 dabo.
485 1338 562 1402 item
585 1339 611 1402 ai
635 1338 787 1402 damnum
810 1339 932 1403 iniuria
953 1338 1118 1404 furtumve
1140 1339 1263 1404 factum
1286 1361 1354 1403 esse

58 1508 61 1514 ,
166 1441 300 1522 dicotur,
324 1441 478 1508 iudicium
502 1443 594 1507 dabo.
629 1444 657 1508 si
679 1442 714 1507 bi
737 1443 777 1507 ad
801 1464 884 1528 quoa
906 1466 944 1509 ea
959 1466 1009 1509 res
1024 1442 1201 1528 pertinebit
1216 1466 1282 1508 non
1298 1466 1354 1508 ex-

167 1545 395 1626 hibebuntur⁷‚
418 1548 452 1611 in
475 1547 620 1612 dominon
643 1550 712 1613 aine
734 1569 838 1612 noxae
861 1548 1021 1614 deditione
1043 1547 1195 1613 iudicium
1218 1545 1330 1612 dabo⁸.

83 1654 150 1733 ἓξὲξ]
255 1651 393 1718 XXXII.
426 1652 484 1718 De
506 1651 891 1738 praediatoribus⁹.

83 1759 150 1840 3:3⁸2·
255 1755 408 1822 XXXIII
444 1757 505 1827 Dc
526 1759 564 1821 vi
585 1759 710 1822 turba
731 1758 929 1823 iuceadio
953 1758 1007 1821 rei.

262 1867 291 1927 1.
329 1862 368 1927 Vi
391 1864 544 1927 botrorum
565 1868 730 1944 ruptorum
753 1868 780 1926 et
804 1863 842 1926 de
865 1860 1002 1926 turba¹⁰.
1048 1859 1082 1926 Si
1105 1863 1155 1926 cui
1179 1861 1253 1926 dolo
1268 1861 1355 1926 malo

167 1966 354 2032 hominibus
384 1966 503 2032 coactis
532 1967 640 2032 damni
672 1968 749 2051 quid
779 1967 903 2032 factum
934 1987 1004 2031 esse
1027 1965 1150 2030 dicetur
1173 1967 1241 2030 sive
1264 1967 1354 2030 cuius

167 2071 253 2136 bona
278 2076 372 2156 repta
394 2071 640 2148 medicentur,
669 2072 704 2135 in
727 2092 809 2149 eum,
844 2070 954 2155 quiid
978 2070 1090 2135 fecisse
1113 2070 1246 2147 dicetur,
1270 2071 1354 2134 iudi·

166 2175 250 2240 cium
266 2176 358 2241 dabo.
393 2177 470 2241 item
494 2177 522 2241 ai
537 2198 647 2241 servus
672 2175 784 2241 fecisse
801 2175 935 2253 dicetur,
962 2176 996 2238 in
1011 2175 1175 2239 dominum
1200 2176 1352 2239 iudicium

165 2280 280 2346 noxale
302 2281 422 2346 dabo¹¹.
468 2280 566 2347 Cuius
588 2281 662 2345 dolo
685 2279 770 2345 malo
794 2281 829 2344 in
845 2279 941 2344 turba
966 2277 1106 2343 damni¹'
1130 2279 1207 2362 quid
1229 2278 1353 2344 factum

167 2407 234 2450 esee
257 2385 389 2466 dicetur,
412 2387 446 2450 in
470 2407 543 2450 eum
566 2385 600 2450 in
623 2407 718 2464 anno,
742 2407 806 2470 quo
828 2384 969 2468 primum
992 2384 1031 2448 de
1055 2404 1093 2448 ea
1108 2405 1142 2448 re
1166 2385 1353 2467 experiundi

166 2495 310 2572 potestne
336 2489 453 2567 fuerit,
486 2489 520 2553 in
544 2489 695 2574 duplum,
728 2493 802 2573 post
825 2509 944 2552 annum
968 2488 1001 2551 in
1024 2486 1175 2571 simplum
1199 2489 1354 2553 iudicium

166 2590 283 2659 dabo¹⁸.

81 2695 147 2775 ἓξὲξ
256 2698 286 2763 2.
323 2698 371 2764 De
404 2700 551 2765 incendio
585 2701 678 2765 ruina
710 2700 881 2785 naufragio
914 2704 982 2764 rate
1014 2720 1094 2764 neve
1125 2704 1352 2783 apameae.

167 2803 205 2868 Iu
228 2826 312 2883 eum,
345 2804 400 2888 qui
423 2826 462 2869 ex
484 2805 630 2870 incendio
653 2805 747 2869 ruina
775 2805 948 2891 nucifragio
972 2808 1042 2869 rate
1064 2826 1146 2869 nave
1168 2809 1354 2889 expugnata

170 2908 247 2993 quid
280 2909 425 2992 rapuisse
454 2910 609 2992 recepisse
634 2909 709 2973 dolo
734 2908 820 2973 malo
848 2908 995 2973 damnive
1022 2909 1099 2993 quid
1122 2909 1156 2973 in
1178 2909 1231 2973 his
1255 2907 1352 2972 rebus

170 3013 294 3078 dedisse
316 3013 453 3078 dicetur:
479 3013 512 3077 in
535 3013 749 3098 quadruplum
772 3012 806 3076 in
824 3035 919 3091 auno,
943 3035 1007 3097 quo
1030 3015 1171 3098 primunr
1193 3014 1232 3078 de
1255 3036 1293 3078 ea
1319 3037 1353 3079 re

172 3118 359 3202 experiundi
389 3123 531 3202 potestas
561 3117 673 3194 fuerit,
706 3123 780 3203 post
811 3139 931 3182 annum
960 3119 993 3181 in
1023 3118 1175 3202 simplum
1197 3118 1353 3183 iudicium

171 3223 264 3287 dabo.
298 3223 377 3286 item
405 3222 439 3286 in
462 3246 589 3288 servum
618 3224 706 3288 etin
729 3222 887 3287 familiam
908 3223 1060 3287 iudicium
1083 3222 1201 3287 dabo¹⁶.

166 3399 375 3411 ---.--

239 3518 264 3587 1)
284 3518 371 3571 Rudr.
385 3516 422 3571 D.
433 3522 502 3584 39‚3.
523 3517 595 3573 Ibr'd.
608 3521 654 3572 13:
674 3518 744 3573 ‘Gai
762 3518 800 3573 ad
813 3517 856 3573 ed.
870 3536 912 3587 pr.
926 3518 987 3572 urb.
1007 3518 1053 3571 tit.
1072 3517 1107 3572 de
1121 3534 1214 3587 aquae
1236 3518 1356 3588 pluviae

167 3604 323 3659 arcendee'.
345 3634 374 3644 -
390 3604 418 3668 2)
432 3604 580 3659 Rubricam
591 3606 696 3660 exbibet
713 3606 775 3662 Gai.
790 3606 829 3659 D.
839 3609 1071 3672 40,12.2.4.6.9.11.
1085 3636 1121 3646 —
1132 3605 1161 3676 3)
1174 3606 1211 3659 Ε.
1223 3607 1255 3660 P.
1270 3611 1356 3672 5178.

170 3696 228 3747 179.
246 3722 280 3733 -
298 3694 328 3759 4)
349 3692 378 3748 c.
398 3696 507 3761 aruer.
535 3693 577 3763 cf.
597 3693 635 3747 D.
647 3697 788 3762 40,12‚7,5.
819 3695 922 3750 Taurei.
941 3697 971 3748 en
990 3694 1071 3748 uuor.
1090 3693 1156 3747 aas.
1168 3696 1301 3762 aueum.
1321 3725 1357 3735 -

169 3782 198 3848 5)
217 3779 366 3848 Ι).39,4,5.·
386 3779 457 3836 ‘Gai
476 3779 514 3836 ad
532 3781 576 3837 ed.
594 3799 637 3852 pr.
656 3781 717 3836 urb.
737 3782 783 3837 tit.
796 3781 831 3836 dc
843 3779 1020 3852 publicanis)
1040 3810 1073 3820 —
1093 3781 1121 3842 6)
1141 3779 1234 3834 Dior„-
1251 3782 1357 3851 ‘pubii-

168 3865 248 3923 cani‘.
288 3867 375 3922 aaut.
394 3870 490 3935 56,1,1:
510 3872 616 3935 drdpau
633 3875 679 3921 rou
697 3871 800 3932 τᾱλους.
820 3898 855 3907 -
874 3868 901 3937 7)
921 3869 958 3920 D.
976 3870 1098 3934 39‚4‚1,o.
1118 3896 1152 3908 —
1170 3866 1198 3937 8)
1217 3866 1255 3922 D.
1269 3872 1357 3935 39,4,1

165 3970 209 4023 pr.
230 3984 265 3994 -
283 3956 312 4023 9)
331 3954 417 4010 Robr.
437 3955 541 4009 exbibet
560 3954 621 4009 Gai.
641 3954 679 4009 D.
697 3956 810 4019 23.3,54.
840 3955 882 4022 Of.
903 3956 940 4009 D.
953 3958 1129 4021 5‹›,16,39.40.
1148 3984 1183 3997 -
1203 3955 1248 4022 10)
1268 3955 1357 4010 Rubr.

168 4042 207 4095 D.
224 4046 295 4107 47,8.
320 4070 352 4082 -
380 4042 423 4112 11)
442 4043 481 4096 D.
498 4044 644 4110 47,8,21›r.
682 4040 715 4094 Si
733 4043 802 4095 iuret
820 4043 1004 4096 coruultomm
1024 4043 1228 4096 concutereturioa
1244 4059 1357 4098 ocurru-

171 4130 226 4183 tiur
251 4131 413 4199 erepuerit,
444 4130 638 4184 Tribonionum
657 4129 797 4198 complura
812 4131 926 4199 porricini
941 4129 1023 4184 edicti
1040 4130 1120 4182 uerbo
1138 4130 1257 4184 omisisse
1271 4130 1360 4198 factio

170 4215 310 4285 rutciicpca.
341 4216 383 4277 ct.
403 4216 439 4272 Ε.
453 4217 485 4271 P.
503 4219 590 4280 5187.
628 4215 789 4270 Formulom
802 4217 930 4284 familior
947 4217 1056 4269 nomine
1071 4216 1240 4284 propositum
1252 4218 1360 4273 exbibet

171 4302 226 4357 Cic.
240 4319 294 4371 pro
315 4303 385 4358 Pali.
404 4306 462 4370 3,7‚·
480 4307 565 4370 13,31.
588 4304 688 4372 -12)
709 4304 805 4359 Flore
833 4303 996 4359 damnum.
1034 4303 1075 4367 Os.
1096 4302 1133 4355 D.
1151 4306 1294 4370 47,8,4,4.o'
1312 4307 1360 4361 iet.

168 4393 187 4443 2
203 4406 248 4458 pr.
268 4419 301 4428 -
322 4390 365 4460 13)
384 4391 422 4444 1).
441 4393 529 4457 ruer
545 4407 587 4458 pr.
607 4419 642 4429 -
663 4393 706 4459 14)
726 4391 812 4447 uuor.
831 4392 869 4445 1).
882 4396 951 4459 aaa
968 4418 1003 4430 -
1023 4392 1067 4458 15)
1086 4390 1124 4444 Ι).
1138 4394 1224 4457 arou
1243 4407 1286 4458 pr.
