2992 5040
547 336 593 391 SC.
612 338 647 393 ds
667 339 838 409 Asclepiade.
1226 346 1288 410 167

109 509 222 576 Arausa.
235 510 268 562 de
279 511 327 578 lep.
340 514 398 579 22),
413 518 547 579 postremo
566 529 580 565 e
598 513 692 566 tabula
711 516 770 582 ipso
790 515 823 568 ab
835 515 929 569 Ennio
943 516 1058 585 (rumino
1073 518 1191 573 Visconti
1208 521 1287 583 (icon.

112 609 173 649 rom.
192 600 272 662 1,89).
308 598 381 651 Eam
398 601 525 666 scriptam
544 617 598 654 esse
613 617 663 669 per
681 601 777 654 betium
797 604 895 656 somate
912 622 936 656 o.
952 607 1002 658 664
1022 606 1089 660 Vise.
1107 608 1225 672 coniecit,
1241 623 1289 675 per

112 684 320 738 corriurationcm
338 686 522 740 Sertorranam
542 689 578 754 (a.
599 691 661 755 676)
682 688 737 741 Μο.
757 690 774 743 i.
789 690 822 756 1.‚·
841 690 1004 746 Ritscbeiius
1022 692 1088 760 (Rb.
1107 693 1180 748 Mus.
1199 696 1288 759 9,160)

114 767 145 820 L.
165 768 317 825 Cornelium
341 781 490 842 praetorem
516 776 628 829 eundem
653 792 707 829 esse
724 777 854 831 iudicavit
875 786 956 847 atque
974 781 1006 834 L.
1029 780 1179 835 Consualium
1200 781 1288 844 Cui.

114 855 255 912 Lentulum
277 860 389 929 Lupum
411 864 543 917 consulem
562 881 587 916 a.
607 866 672 929 598,
693 864 856 926 adsentiente
871 874 965 934 posteo
984 867 1040 921 Mo.
1061 868 1145 937 (Epis.
1164 870 1246 938 epipr.
1266 873 1288 931 1,

112 947 171 1004 289)
199 954 345 1016 propterea
375 951 447 1018 meod
464 951 550 1004 tribus
580 952 609 1003 in
626 951 779 1005 nominibus
799 955 905 1007 testium
923 956 1019 1009 mnissa
1047 957 1084 1009 ad
1103 973 1160 1010 eam
1178 962 1290 1010 aetatem

113 1031 189 1089 (tacit.
228 1035 365 1093 Habemus
387 1044 476 1092 autem
494 1054 547 1091 non
567 1040 654 1106 ipsum
672 1037 738 1106 SO„
767 1040 814 1093 sed
833 1042 976 1109 epistulam
992 1044 1127 1110 praetoris
1144 1043 1235 1096 atatam
1253 1043 1290 1096 ad

116 1122 219 1192 t'Otum,
238 1142 366 1180 conomsa
383 1128 505 1179 matrone
523 1142 556 1179 ex
574 1128 654 1180 tertia
670 1142 785 1194 persorsa
803 1129 833 1181 in
850 1128 1001 1196 secundam,
1019 1130 1050 1183 iri
1065 1130 1138 1198 quod
1151 1136 1214 1199 post
1230 1130 1287 1185 Urs.

113 1211 301 1267 dernonstracit
318 1213 376 1268 Mo.

195 1355 228 1420 L.
261 1355 425 1420 Cornelius
456 1355 513 1420 Cn.
546 1358 568 1420 f.
594 1358 748 1442 pr(aetor)
783 1359 957 1444 sen(atum)
988 1360 1174 1446 cons(uluit)
1205 1384 1231 1428 a.
1257 1362 1286 1425 d.

115 1455 158 1522 ΙΙΙ
184 1481 285 1523 nonas
308 1459 410 1525 Maias
433 1461 492 1525 sub
517 1462 592 1526 aede
614 1462 780 1526 Kastoros.

198 1563 245 1648 (²)
270 1562 335 1628 Scr.
362 1566 425 1628 adt.
451 1566 490 1630 A.
516 1565 656 1629 Manlius
680 1567 718 1630 A.
744 1568 782 1645 f.‚
811 1568 872 1632 Sex
895 1567 1019 1634 Iulius.
1039 1622 1044 1633 .
1064 1621 1085 1648 .‚
1113 1570 1147 1635 L.
1174 1570 1286 1634 Postu·

114 1671 191 1733 rrius
214 1668 297 1754 S(p.)
321 1671 345 1735 f.

196 1775 243 1859 (³)
275 1778 364 1853 Quod
397 1776 564 1842 Teiburtes
593 1778 717 1862 v(erba)
750 1778 898 1863 f(ecietis)
933 1780 1110 1863 quibusque
1133 1779 1171 1842 de
1194 1778 1287 1842 rebus

114 1899 162 1941 ros
185 1881 391 1964 purpuratis,
416 1903 452 1945 ea
476 1886 602 1946 senatos
627 1881 675 1966 (⁴)
694 1882 838 1946 animum
855 1883 996 1948 advortit
1011 1883 1057 1947 ita
1071 1883 1137 1947 utei
1154 1904 1287 1967 aequom

113 1980 184 2046 fuit:
219 2007 340 2068 nosque
371 2009 407 2049 ea
434 1986 480 2049 ita
509 1986 744 2063 audiveramus,
781 1985 828 2069 (⁵)
859 1992 895 2050 ut
919 2010 975 2050 vos
999 1986 1157 2050 deixsistis
1180 1987 1287 2052 voboio

114 2089 255 2153 nuntiata
278 2112 354 2153 esse.
403 2091 450 2154 Ea
473 2111 530 2154 nos
554 2090 694 2153 animum
718 2095 863 2154 nostrum
889 2091 935 2175 (¹)
960 2114 1024 2155 non
1042 2091 1287 2156 indoucebamus

113 2191 155 2255 ita
176 2192 265 2256 facta
287 2215 353 2258 esse
374 2200 558 2278 propterea
575 2194 660 2277 quod
675 2194 833 2259 scibamus
860 2195 908 2279 (¹)
926 2218 962 2259 ea
978 2217 1033 2258 vos
1050 2195 1162 2258 merito
1177 2199 1286 2259 nostro

113 2296 212 2362 facere
244 2321 308 2362 non
340 2299 497 2382 potuisse,
526 2321 628 2383 neque
651 2321 706 2362 vos
730 2299 844 2385 dignos
867 2321 944 2378 esse,
977 2300 1022 2384 (⁸)
1047 2300 1118 2383 quei
1143 2322 1179 2363 ea
1202 2299 1286 2364 face·

114 2403 195 2480 retis,
221 2425 323 2487 neque
346 2403 377 2466 id
401 2403 509 2467 vobeis
533 2425 636 2486 neque
659 2403 705 2466 rei
728 2406 870 2488 poplicae
893 2409 1019 2469 vostrae
1044 2404 1090 2488 (⁹)
1114 2404 1203 2468 oitile
1221 2426 1287 2469 esse

113 2507 221 2571 facere.
270 2507 313 2571 Et
335 2513 505 2592 postquam
535 2515 641 2573 vostra
664 2510 760 2572 verbs
783 2513 911 2574 senatus
934 2509 1068 2585 audivit,
1103 2508 1171 2593 (¹⁰)
1196 2514 1287 2573 tanto

116 2613 212 2696 magis
237 2613 378 2677 animum
402 2617 546 2677 nostrum
569 2612 778 2693 indoucimua
802 2617 848 2678 ita
871 2616 934 2680 utei
959 2621 1033 2680 ante
1056 2614 1124 2700 (¹¹)
1149 2615 1287 2679 arbitra-

112 2716 231 2793 bamur,
258 2717 296 2782 de
319 2719 363 2782 eis
387 2718 480 2782 rebus
504 2718 540 2781 af
562 2718 671 2783 vobeis
693 2725 855 2803 peceatum
880 2741 943 2784 non
967 2743 1042 2785 esse.
1083 2718 1151 2803 (¹¹)
1178 2719 1286 2795 Quon-

116 2845 171 2906 que
194 2823 233 2888 de
256 2824 330 2887 eicis
354 2823 446 2887 rebus
470 2823 611 2886 senatuei
635 2825 765 2908 purgati
793 2825 877 2902 estio,
903 2826 1059 2889 credimus
1075 2846 1193 2908 vosque
1217 2823 1285 2908 (¹³)

114 2928 250 2992 animum
279 2932 419 2991 vostrum
442 2927 609 2992 iodouccre
631 2933 775 3010 oportet,
806 2931 881 2992 item
906 2950 961 2992 vos
985 2928 1102 3011 populo
1126 2928 1195 3012 (¹¹)
1220 2928 1283 2992 Ro·

114 3053 202 3096 mano
226 3037 380 3118 purgatos
403 3032 480 3096 fore.

196 3259 252 3326 Sc.
278 3261 324 3324 do
349 3260 605 3345 Asclepiade
629 3262 880 3326 Clazomenio
904 3262 1119 3346 sociisque
1142 3286 1169 3326 a.
1195 3263 1268 3328 676.

195 3434 222 3488 C.
237 3434 261 3487 Ι.
276 3433 309 3486 L.
328 3438 402 3500 1‚1ro
419 3453 446 3487 n.
456 3436 510 3485 203
516 3452 525 3498 ;
544 3432 629 3488 Insor.
648 3433 741 3486 Graec.
762 3433 871 3487 Sicttioe
888 3439 914 3487 et
933 3433 1033 3487 Italiae
1049 3438 1101 3487 247
1119 3438 1211 3488 ra951.
1239 3435 1285 3488 Ri.

113 3521 159 3575 tab.
179 3526 222 3576 30.
261 3521 292 3574 E
310 3522 403 3575 tabula
421 3522 535 3586 ahenea,
565 3523 609 3574 cui
627 3520 677 3577 Sc.
695 3528 810 3589 utraque
828 3522 923 3590 linqua
940 3524 1098 3591 trascriptum
1116 3529 1162 3591 est,
1183 3522 1285 3576 Latina

113 3609 137 3660 in
153 3611 298 3677 superiore,
318 3608 422 3662 Graeca
439 3610 469 3663 in
487 3609 615 3673 inferiore
631 3613 719 3676 parte.
759 3608 830 3662 Pare
842 3608 946 3662 Graeca
961 3626 1047 3677 paene
1064 3611 1169 3680 intepra
1180 3617 1285 3665 seruata

111 3704 157 3762 est,
183 3696 302 3749 latinae
327 3696 511 3750 tautummodo
534 3702 651 3749 extrema
666 3711 740 3763 pars.
784 3695 918 3749 Versiona's
937 3696 1056 3751 Graecae
1073 3715 1112 3751 uo.
1132 3702 1286 3753 1233233

111 3782 202 3839 titteris
228 3786 376 3839 maioribus
401 3785 497 3852 scripti
517 3790 588 3837 stant.
630 3783 747 3836 Tabulae
772 3783 874 3837 Romae
896 3800 963 3837 saec.
984 3783 1063 3836 XVI
1082 3791 1185 3853 reperta
1209 3786 1286 3839 leodic

113 3872 226 3942 Neapoli
241 3873 406 3926 adservatur.
426 3902 460 3910 -
482 3871 598 3924 Pertinet
619 3870 668 3925 sb.
688 3871 726 3922 aci
744 3877 796 3924 tras
813 3872 967 3925 nauarchos
980 3871 1096 3925 Graecos
1112 3879 1223 3940 parapter
1234 3889 1283 3926 me·

110 3963 159 4014 rita
177 3978 241 4029 erpa
259 3961 448 4028 rempublicam
462 3960 612 4012 ltornanam
625 3961 654 4013 in
667 3960 814 4012 amicaretm
823 3959 921 4027 popuii
932 3958 1051 4012 Romam
1056 3959 1206 4026 formulam
1218 3960 1284 4027 refe·

111 4049 209 4105 retectos.
251 4048 334 4101 Haud
360 4063 424 4100 raro
446 4047 547 4114 einpair'
568 4047 687 4100 homines
710 4048 740 4099 in
757 4047 854 4114 populi
871 4047 1019 4098 anrr'citiam
1036 4047 1075 4098 ita
1094 4048 1192 4113 recepti
1207 4052 1286 4111 sunt,-

109 4136 145 4187 ito
162 4135 199 4188 od
216 4136 303 4189 aa&
321 4133 379 4187 Lio.
393 4137 497 4199 sarar
514 4134 569 4186 ait:
587 4135 701 4186 senatus
719 4133 749 4184 in
768 4131 920 4186 formulam
940 4133 1074 4187 sociorum
1093 4123 1156 4187 eam
1176 4131 1284 4200 (Onesi-

110 4240 183 4276 mum
202 4220 396 4289 Macedonem)
415 4220 512 4274 referri
530 4219 621 4284 iussit,
641 4221 730 4274 locum
752 4219 843 4273 lautis.
861 4219 997 4288 praeberi,
1016 4220 1108 4273 iisdem
1124 4223 1184 4282 ‚tere
1199 4220 1285 4272 uerbis

109 4326 178 4375 acres,
202 4309 299 4377 quibus
320 4308 370 4361 boc
387 4306 437 4360 SC.
456 4325 480 4360 o.
500 4310 516 4360 7
534 4313 559 4360 et
575 4309 594 4359 8
610 4308 804 4375 superstitibus.
843 4308 924 4360 Aureo
946 4309 997 4359 676
1016 4309 1063 4370 (78
1080 4324 1098 4360 a
1118 4306 1158 4372 0)
1179 4306 1209 4358 iet
1225 4307 1283 4370 fac·

108 4408 163 4448 ram
182 4412 245 4461 esse,
262 4397 440 4463 praescriptio
459 4395 579 4449 osteadr't.
