2992 5040
155 296 174 361 6
639 294 725 366 leges
743 297 848 367 regiae.

155 466 297 534 cccllll
328 468 509 535 habendum
536 492 605 535 esse
631 471 799 536 constituit
821 494 1006 559 mensesque
1028 475 1075 540 ita
1096 476 1269 561 disposuit,
1299 482 1338 542 ut

157 577 308 658 quattuor
331 595 369 638 ex
392 573 442 638 his
466 573 583 655 XXXI,
611 599 665 641 sex
688 599 763 642 vero
786 576 877 643 XXX
900 578 1056 646 haberent
1079 581 1176 648 dies.¹

243 679 272 746 6.
298 679 482 744 Macrobius
506 681 756 767 (sol.1,13‚20):
780 684 914 760 Quando
942 722 980 732 -
1005 686 1142 769 primum
1166 687 1337 753 intercala-

156 785 298 864 tamaii,
324 785 411 850 varie
435 785 581 865 refertur,
611 792 644 852 et
666 787 772 854 Macer
795 790 921 874 quidem
952 789 1091 856 Licinius
1114 793 1181 858 eius
1203 793 1248 858 rei
1272 793 1340 858 ori·

156 892 262 982 ginenr
286 889 423 956 Romulo
446 892 635 978 adsignat.²

639 1067 859 1136 t)fanllla.

245 1193 274 1256 7.
298 1189 396 1254 Dion.
420 1187 525 1272 (22⁵)
536 1188 562 1253 :³
589 1186 625 1252 Ὀ
650 1189 684 1251 δὲ
699 1188 861 1273 Ῥωμύλος
884 1194 997 1256 -ἕνα
1013 1232 1057 1242 -
1071 1195 1165 1278 νόμον
1181 1233 1221 1243 -
1239 1217 1340 1259 κατα·

159 1299 351 1382 στησάμενος
375 1294 418 1368 εἰς
443 1293 707 1379 σωφροσύνην-
724 1297 827 1379 ἤγαγε
850 1299 905 1372 τὰς
921 1308 1081 1380 γυναῖκας.
1112 1303 1151 1385 ἠν
1167 1301 1201 1364 δὲ
1217 1301 1341 1364 τοιόσδε

159 1401 175 1465 ὁ
198 1400 305 1484 νόμος·
335 1408 470 1482 γυναῖκα
493 1400 633 1481 γαμετὴν
659 1401 714 1482 τὴν
740 1401 825 1462 κατὰ
848 1400 984 1484 γάμους*
1009 1403 1108 1486 ἱεροὺς
1124 1405 1342 1470 συνελθοῦσαν

160 1505 246 1588 ἀνδρὶ
269 1505 418 1567 κοινωνὸν
442 1502 586 1565 ἁπάντων
611 1503 687 1566 εἶναι
710 1505 880 1588 χρημάτων
902 1528 936 1570 τε
959 1509 1013 1571 καί
1037 1508 1136 1592 [ερῦν.

246 1610 276 1675 8.
308 1607 405 1672 Dion.
430 1607 575 1689 (2,,25);ὁ
608 1605 717 1671 Ταῦτα
743 1648 781 1656 -
808 1610 836 1673 οἱ
859 1623 1018 1696 συγγενεῖς
1049 1617 1128 1699 μετὰ
1150 1625 1204 1679 τοῦ
1227 1616 1344 1698 ἀνδρὸς

159 1715 318 1793 ἐδίκαζον·
343 1713 375 1776 ἐν
400 1714 444 1787 οἷς
467 1715 505 1798 ην
533 1712 645 1795 φθορὰ
669 1712 823 1797 σώματος,
848 1719 902 1779 καί
924 1755 967 1765 -
990 1721 1019 1782 εἰ
1038 1740 1083 1794 τις
1099 1720 1180 1783 οἶνον
1196 1719 1343 1803 εὑρεθείη

159 1830 273 1884 πιοῦσα
296 1817 388 1901 γυνή,
421 1816 583 1900 ἀμφότεροι
607 1820 669 1901 γὰρ
695 1828 794 1881 ταῦτα
818 1820 948 1906 θανάτῳ
972 1822 1100 1906 ζημιοῦν
1123 1823 1344 1909 συνεχώρησεν

198 1924 206 1949 ‘
235 1947 260 1987 ω
284 1923 367 1986 ὑλο.

159 1925 176 1989 ὁ
207 1923 284 2094 P9i
311 1944 502 2092 I’iulorcbus
530 2025 638 2111 (Rom.
663 2027 759 2110 22)θ
783 2027 909 2114 Ἔθηκε
933 2031 967 2094 δὲ
990 2034 1045 2095 καὶ
1067 2032 1180 2115 νόμους
1203 2035 1287 2108 τινὰς
1311 2034 1345 2117 (ὁ

160 2146 310 2157 ..—.-—---

232 2189 257 2254 1)
277 2184 318 2254 Os.
338 2182 426 2237 Illaec.
439 2185 540 2250 1,12,5.·
557 2181 680 2251 primum
693 2183 761 2237 anni
776 2200 898 2239 mensem
915 2185 1038 2254 genitori
1055 2204 1104 2242 suo
1117 2188 1208 2243 Marti
1226 2188 1343 2254 dicavit,

159 2291 241 2346 quem
261 2287 385 2326 mensem
405 2268 472 2324 anni
490 2270 612 2340 primum
634 2268 721 2324 fuisse
742 2271 785 2325 vel
807 2288 840 2326 ex
859 2271 910 2327 hoc
922 2272 1043 2329 maxime
1055 2274 1200 2345 probatur,
1218 2276 1293 2347 quod
1305 2277 1345 2332 ab

161 2362 221 2432 ipso
245 2357 379 2426 Quintilis
406 2356 521 2426 quintus
550 2361 593 2411 est
618 2360 648 2412 et
672 2358 807 2429 deinceps
833 2377 884 2430 pro
909 2378 1024 2418 numero
1051 2362 1280 2419 nominabantur.
1308 2393 1342 2405 -

160 2452 186 2520 2)
206 2448 292 2503 Mocr.
312 2447 404 2501 aclrlil:
431 2444 533 2498 Antias
553 2475 585 2485 -
605 2443 727 2500 Numam
758 2446 930 2516 Pompilium
956 2464 1095 2504 sacrorum
1114 2465 1199 2503 eausa
1216 2449 1246 2503 id
1264 2450 1344 2506 inve·

160 2537 233 2592 nisse
268 2533 421 2592 contendit.
465 2531 561 2587 lrrnius
587 2532 714 2587 Servium
743 2533 873 2590 Tullium
896 2551 991 2605 regem
1015 2537 1137 2605 primum
1160 2536 1345 2593 intercalasse

160 2625 368 2681 commemorat.
388 2619 600 2674 -Tuditanus
619 2621 707 2676 refert
724 2651 760 2662 -
777 2621 955 2687 decemviros,
980 2623 1028 2692 qui
1047 2623 1071 2677 X
1089 2623 1197 2678 tabulis
1215 2624 1242 2678 Il
1262 2624 1342 2679 addi·

161 2712 271 2774 derunt,
290 2711 324 2764 de
342 2707 536 2763 intercalando
555 2709 689 2778 populum
709 2727 822 2779 rogasse
845 2711 893 2778 (cf.
914 2710 985 2764 ΧΠ.
998 2714 1082 2779 11‚2);
1102 2708 1213 2765 (laseirrs
1231 2711 1342 2766 eosdem

162 2798 258 2853 scribit
277 2798 411 2852 auctores.
440 2794 556 2849 Fulvius
575 2798 670 2850 aretem
691 2796 720 2850 id
742 2796 830 2866 egisse
852 2796 898 2853 M.'
918 2797 1038 2852 Acilium
1060 2798 1201 2854 consulem
1220 2797 1289 2852 dicit
1308 2798 1347 2853 ab

161 2907 188 2942 u.
207 2904 230 2942 c.
249 2903 323 2941 anno
341 2886 402 2948 562,
421 2884 518 2938 -sed
539 2884 591 2938 hoo
615 2885 711 2954 arguit
726 2883 819 2940 Varro
838 2886 993 2950 scribendo,
1010 2885 1236 2955 antiquissimam
1251 2887 1344 2955 legem

162 2975 245 3030 luisse
269 2974 385 3028 incisam
410 2972 438 3026 in
463 2972 593 3027 columna
624 2990 706 3028 aerea
731 2991 749 3026 a
771 2970 799 3026 L.
818 2973 935 3029 Pinario
962 2977 992 3029 et
1012 2973 1093 3029 Furio
1111 2990 1165 3029 cos.
1189 2973 1279 3042 (282),
1300 2975 1345 3028 cui

163 3062 268 3118 mentio
295 3060 472 3116 intercalaris
495 3059 670 3114 adscribitur.
716 3060 757 3128 Cf.
784 3060 876 3130 Volat,
903 3063 948 3116 ius
965 3063 1013 3117 cic.
1035 3079 1062 3114 υ.
1079 3067 1149 3131 gent.
1169 3065 1220 3115 187
1242 3065 1345 3116 rn175.

164 3151 318 3211 Ilionenses,
333 3148 456 3202 Clrrmrol.
478 3151 606 3214 n,31‚40.
632 3148 767 3216 Huschke,
780 3149 1080 3217 rdor.Slad.1,55-58.
1099 3176 1129 3186 -
1151 3149 1181 3218 3)
1199 3147 1346 3218 (Romulus

163 3256 220 3294 unu
238 3238 300 3306 lege
314 3237 376 3291 lata
389 3235 425 3289 ud
436 3235 604 3290 modestiam
622 3235 742 3290 adduxit
754 3237 892 3295 mulieres.
910 3237 987 3302 Quae
1000 3235 1043 3289 lex
1056 3235 1125 3289 haec
1135 3239 1212 3290 erat:
1231 3253 1346 3291 uxorem

163 3327 276 3387 iustam,
289 3339 360 3392 quae
378 3322 484 3391 nuptiis
497 3321 614 3375 sacratis
632 3323 875 3391 (conformatione)
887 3324 915 3377 in
929 3340 1044 3377 manum
1055 3322 1152 3376 mariti
1163 3321 1348 3390 convenisset,

163 3409 384 3468 communionem
411 3426 472 3462 cum
496 3425 528 3463 eo
555 3409 658 3464 habere
676 3410 800 3465 omnium
820 3411 955 3466 bonorum
974 3414 1002 3464 et
1020 3409 1182 3480 sacrorum.)
1200 3440 1231 3449 —
1252 3412 1281 3480 4)
1300 3411 1350 3465 Ilo

166 3500 284 3554 Stratonis
298 3514 351 3566 pro
370 3501 475 3564 νόμους.
493 3527 528 3538 -
547 3501 575 3562 5)
593 3497 643 3566 (De
664 3499 706 3551 bis
728 3499 935 3569 cognoscebant
953 3497 1068 3567 cognati
1087 3514 1149 3552 cum
1168 3498 1285 3554 marito:
1311 3498 1349 3554 de

166 3585 314 3640 adulteriis
333 3587 362 3639 et
380 3583 402 3638 si
424 3599 481 3652 qua
500 3583 596 3637 vinum
618 3582 721 3638 bibisse
741 3587 922 3653 argueretun
942 3584 1155 3653 hooutrumque
1168 3584 1241 3639 enim
1255 3589 1349 3642 morte

164 3671 263 3744 punire
279 3671 409 3726 llomulus
429 3671 584 3740 concessit)
611 3671 653 3740 Cf.
669 3673 739 3727 Fest.
760 3673 806 3736 (L.
817 3677 877 3736 197)
898 3671 1044 3727 Osculum:
1064 3671 1246 3741 Significatnr
1258 3673 1347 3729 etiam

166 3760 261 3817 osculo
280 3759 397 3819 savium.
417 3789 449 3798 -
469 3758 542 3827 quod
563 3757 639 3811 inter
658 3763 794 3827 cognatos
807 3759 1030 3829 propinquosque
1041 3758 1205 3814 institutum
1225 3760 1261 3814 ab
1274 3762 1349 3816 anti·

164 3848 227 3919 quis
249 3850 305 3908 est.
335 3845 512 3912 maximeque
532 3846 661 3902 feminus.
688 3877 723 3886 -
750 3849 777 3916 6)
797 3847 963 3916 (Constituit
980 3864 1090 3916 quoque
1108 3849 1184 3917 leges
1201 3849 1350 3918 quasdam,

164 3952 284 4006 quarum
310 3935 362 3988 illa
381 3935 452 3989 dura
470 3938 529 3994 est,
556 3951 630 4003 quae
651 3935 731 3989 uxori
752 3952 806 3989 nou
828 3936 969 4005 permittit
989 3934 1130 3989 divertere
1152 3952 1170 3988 a
1188 3936 1351 3997 meritust

166 4025 269 4079 manto
292 4021 435 4093 permittit
467 4037 579 4076 uxorem
603 4021 753 4092 repudiare
771 4027 886 4092 propter
907 4024 1068 4078 veneficium
1087 4023 1161 4077 eirca
1178 4023 1286 4093 prolem
1304 4025 1350 4079 vel

166 4110 364 4166 subiectionem
383 4109 505 4164 clavium
527 4110 573 4164 rel
595 4109 771 4165 adrrlterium
790 4111 977 4172 commissum.
997 4111 1019 4164 si
1034 4126 1100 4165 vero
1112 4109 1197 4164 aliter
1214 4110 1277 4180 quis
1289 4127 1308 4164 a
1319 4127 1349 4166 se

166 4199 326 4254 dimitteret
344 4213 471 4259 uxorem.
503 4196 638 4253 bonorum
659 4198 719 4252 eius
736 4202 847 4268 purtem
868 4199 961 4254 uxoris
978 4198 1046 4262 lieri,
1065 4200 1175 4267 partem
1194 4196 1288 4252 Cereri
1305 4215 1350 4253 se·

167 4305 242 4342 cram
263 4302 322 4341 esse
341 4285 435 4347 iussit3
454 4285 503 4355 qui
523 4288 618 4339 antem
639 4285 776 4341 venderet
795 4304 916 4347 uxorem,
938 4286 990 4340 diis
1008 4285 1106 4340 inieris
1125 4285 1287 4354 immolari.)
1314 4286 1349 4354 ε).

166 4375 339 4443 θοθὶεείυρεν,
358 4371 443 4428 ZRG.
461 4375 531 4439 8‚58.
