2992 5040
678 309 797 365 Servius.
1294 317 1334 380 79

154 523 195 536 -
227 483 363 550 lure-
390 485 582 568 pontificali,
615 487 641 550 si
675 487 747 570 quis
776 486 900 551 flamini
928 526 962 534 —
990 513 1095 575 genua
1123 490 1238 555 luisset
1267 514 1334 556 am-

154 591 276 674 plexus,
301 614 373 655 eum
396 591 556 656 verberari
580 613 643 655 non
668 591 795 656 licebat.

242 700 272 774 4,
297 698 348 762 29.
395 697 419 760 F
431 697 669 761 laminicam
691 697 752 761 nisi
776 719 875 761 unum
892 700 996 764 virum
1019 699 1137 764 habere
1153 722 1216 765 non
1233 699 1333 779 licet¹,

155 839 193 848 -
225 824 281 866 nec
311 803 433 866 flamini
469 803 563 867 aliam
588 804 702 867 ducere
725 802 843 866 licebat
867 826 997 870 uxorem
1021 806 1082 870 nisi
1105 810 1333 889 postmortem

156 906 336 971 flaminicae
359 907 493 971 uxoris².

241 1015 272 1090 4,
299 1012 371 1076 103.
408 1010 573 1095 Coemptio
592 1049 631 1057 —
649 1018 707 1086 est,
732 1012 787 1075 ubi
811 1011 894 1076 libra
917 1016 1014 1097 atque
1036 1037 1089 1079 aes
1106 1014 1286 1093 adhibetur,
1302 1020 1335 1079 16

154 1116 270 1181 mulier
293 1122 390 1202 alque
414 1118 461 1181 vir
485 1117 569 1181 inter
592 1138 625 1180 se
648 1118 739 1200 quasi
764 1121 957 1200 emptionem
974 1117 1098 1183 faciunt
1113 1156 1164 1182 -.
1200 1118 1334 1204 (30111111-

156 1222 242 1286 tione
276 1221 362 1287 facta
385 1221 499 1286 mulier
522 1223 553 1285 in
580 1226 771 1305 potestatem
794 1221 855 1286 viri
879 1224 979 1300 cedit,
1010 1227 1106 1308 atque
1129 1225 1176 1288 ita
1198 1225 1335 1289 sustinet

156 1327 373 1391 condicionem
397 1326 515 1391 liberae
539 1325 720 1390 servitutis⁸
746 1364 798 1391 -.
844 1325 888 1391 ln
911 1349 1068 1391 manum
1093 1364 1135 1374 —
1158 1349 1334 1393 conven-

156 1433 214 1495 tio
247 1454 282 1496 eo
314 1433 379 1496 ritu
403 1432 576 1516 perficitur,
608 1437 645 1496 ut
668 1454 751 1516 aqua
774 1436 806 1496 et
828 1432 897 1517 igni
920 1429 1091 1510 adhibitis,
1121 1432 1244 1497 duobus
1266 1455 1333 1498 ma·

156 1537 250 1600 rimis
274 1536 450 1612 elementia,
474 1543 590 1600 natura
613 1537 783 1601 coniuncta
806 1535 971 1613 habeatur,
997 1560 1148 1621 quaeres
1171 1538 1209 1602 ad
1232 1538 1335 1604 farre·

157 1647 225 1706 ates
249 1644 378 1726 nuptias
400 1643 549 1726 pertinet,
574 1643 690 1726 quibus
706 1642 866 1706 flaminem
889 1648 921 1707 et
936 1641 1129 1706 flaminicam
1144 1643 1213 1707 iure
1228 1644 1334 1727 ponti·

156 1746 227 1810 ficio
250 1747 284 1809 in
307 1746 546 1811 matrimonium
570 1769 695 1812 necesse
719 1752 767 1811 est
790 1748 967 1811 convenire.

242 1854 273 1931 4,
297 1852 370 1916 374.
417 1852 488 1917 Mos
521 1853 668 1936 -apud
699 1857 819 1916 veteres
851 1851 914 1915 fuit
936 1851 1058 1915 flamini
1088 1873 1125 1915 ac
1147 1851 1333 1930 flaminicae,

156 1955 230 2019 dum
253 1977 309 2039 per
332 1956 616 2021 confarreationem
642 1955 675 2017 iu
697 1955 827 2037 nuptias
843 1957 1059 2033 convenirent,
1083 1957 1177 2020 sellas
1191 1957 1269 2020 duas
1284 1959 1334 2022 iu·

156 2066 232 2144 gata
261 2060 374 2124 sovilla
398 2061 480 2144 pelle
502 2061 715 2144 superiniecta
738 2059 824 2142 poni,
849 2096 890 2106 —
914 2065 951 2123 ut
973 2061 1019 2124 ibi
1042 2062 1198 2125 nubentes
1222 2061 1335 2126 velatis

155 2167 314 2250 capitibus
336 2167 369 2230 in
393 2166 649 2230 confarreatione
672 2202 713 2212 —
738 2165 921 2229 residerent.

243 2272 273 2349 6,
298 2271 399 2335 431.·
420 2270 496 2335 Siue
522 2268 641 2355 sortel:
674 2270 743 2335 sine
774 2270 908 2346 iudicio;
933 2307 973 2316 -
998 2292 1036 2335 111
1058 2293 1147 2336 more
1171 2271 1334 2337 Romano:

156 2399 220 2440 non
244 2377 328 2440 enim
352 2377 565 2442 audiebantur
588 2399 710 2454 causae,
735 2376 797 2439 nisi
820 2398 876 2459 per
898 2380 1017 2439 sortem
1040 2377 1214 2442 ordinatae.
1250 2375 1335 2441 Nam

156 2486 313 2566 tempore,
347 2504 410 2565 quo
433 2503 546 2546 caiisae
571 2480 770 2564 agebantur,
802 2479 1033 2544 conveniebant
1055 2502 1173 2559 omnes,
1197 2481 1336 2546 undeet

157 2586 348 2652 ‘concilium'
383 2587 447 2664 ait3
481 2593 513 2651 et
545 2609 583 2650 ex
606 2590 694 2651 sorte
715 2585 838 2650 dierum
861 2585 1003 2650 ordinem
1027 2583 1238 2669 accipiebant,
1271 2608 1335 2671 quo

156 2698 228 2775 post
250 2692 333 2756 diem
357 2693 557 2777 trigesimum
582 2715 655 2756 suas
678 2711 790 2755 causas
813 2694 1077 2775 exsequerentur;
1099 2690 1183 2754 unde
1199 2695 1247 2754 est
1271 2697 1335 2755 ‘ur-

155 2819 229 2860 nam
252 2800 378 2864 movet'.
425 2795 619 2862 Iuvenalis⁴2
644 2795 769 2860 ‘Gratia
792 2795 900 2861 fallaci
925 2795 1081 2880 praetoris
1105 2795 1217 2859 vicerit
1233 2798 1332 2862 urna'.

243 2901 274 2980 6,
290 2901 364 2967 609.
400 2900 500 2965 Fraus
522 2902 638 2965 innexa
654 2897 776 2984 clienti]
801 2922 839 2963 ex
856 2900 926 2983 lege
942 2899 1005 2964 Xll
1021 2900 1220 2964 tabularum⁶
1237 2901 1334 2979 veuit,

156 3005 328 3090 inquibus
358 3008 511 3090 scriptum
544 3010 611 3070 est:
645 3004 815 3068 ‘Patronus
840 3041 880 3049 —
905 3005 992 3069 esto'.
1039 3004 1072 3069 Si
1096 3006 1180 3069 enim
1203 3006 1334 3069 clientes

157 3112 248 3194 quasi
271 3111 409 3175 colentes
432 3116 517 3190 sunt,
541 3112 668 3195 patroni
693 3110 785 3194 quasi
808 3114 926 3192 patres,
950 3109 1139 3174 tantundem
1164 3114 1212 3173 est
1235 3111 1334 3174 elien·

157 3219 219 3280 tem
244 3222 398 3300 quantum
423 3216 523 3281 filiurn
546 3215 668 3281 fallere.

244 3321 272 3399 7,
297 3322 371 3386 601.
418 3320 521 3385 Varro
552 3321 622 3385 vult
651 3323 792 3385 ‘morem'
827 3341 894 3384 esse
923 3341 1121 3384 communem
1146 3340 1333 3384 consensum

156 3427 298 3490 omnium
321 3424 417 3489 simul
434 3425 662 3501 habitantium,
688 3426 744 3511 qui
759 3427 954 3491 inveteratus
970 3425 1230 3490 consuetudinem
1246 3424 1333 3489 facit.

243 3532 273 3609 7,
298 3530 372 3595 695.
418 3529 523 3594 lustos
547 3568 588 3579 —
613 3531 690 3596 dicit
712 3530 870 3608 Faliscos,
904 3531 980 3614 quia
1011 3530 1147 3614 populus
1172 3528 1335 3593 Romanus

156 3634 260 3698 missis
283 3633 392 3699 Xviris
416 3635 456 3699 ab
480 3634 558 3718 ipsis
583 3635 654 3699 iura
676 3635 801 3701 fetialia
824 3635 956 3721 collegit
980 3641 1012 3700 et
1034 3635 1190 3700 nonnulla
1205 3635 1335 3719 supple·

155 3745 264 3804 menta
286 3737 349 3805 Xll
373 3741 555 3805 tabularum
580 3743 711 3826 accepit,
735 3764 813 3826 quas
837 3742 996 3805 habuerat
1018 3740 1058 3805 ab
1074 3739 1334 3806 Atheniensibus

244 3848 273 3921 8,
291 3847 364 3913 642.
411 3844 501 3910 (litae
520 3881 557 3892 -·
577 3843 764 3932 quadrigae]
791 3845 936 3910 Donatus
960 3846 1020 3910 hoc
1042 3845 1113 3910 loco
1135 3850 1246 3910 contra
1268 3867 1334 3909 me·

156 3953 242 4015 trum
272 3951 369 4016 sentit
400 3951 520 4016 dicens:
554 3950 655 4015 ‘citae'
680 3951 817 4028 divisae,
850 3955 886 4014 116
916 3955 963 4015 est
994 3951 1027 4014 in
1051 3951 1119 4013 iure
1150 3954 1246 4014 ‘ercto
1270 3971 1334 4013 non

230 4125 256 4194 1)
278 4124 386 4178 Tertull.
406 4124 438 4177 de
456 4140 561 4193 monog.
580 4129 626 4177 17:
650 4123 778 4179 Pontifex
797 4123 936 4178 maximus
956 4125 984 4177 et
1003 4121 1146 4175 flaminica
1164 4121 1276 4175 nubunt
1294 4139 1335 4177 se·

157 4213 222 4268 mel.
250 4241 281 4250 -
309 4211 580 4279 2)Ge11.10‚15,23:
608 4211 820 4267 Matrimonium
848 4211 970 4266 flaminia
994 4209 1048 4263 nisi
1067 4212 1158 4265 morte
1177 4209 1272 4263 dirimi
1291 4208 1334 4264 ius

157 4316 212 4354 non
236 4301 287 4353 ost.
325 4298 367 4366 Of.
395 4297 468 4352 Fert.
494 4296 646 4353 Flammeo.
675 4327 708 4337 -
736 4296 764 4366 3)
784 4298 905 4353 sustinet
928 4295 1024 4351 liberis
1042 4295 1233 4352 condicionem
1253 4296 1336 4352 liberi

157 4385 300 4440 seruitutis
318 4385 389 4439 libri.
409 4384 576 4452 -4)13,4.
595 4414 631 4424 -
650 4388 676 4452 5)
699 4383 740 4452 Cf.
760 4390 821 4438 tom.
841 4384 860 4436 1
872 4400 902 4452 p.
921 4387 956 4437 33
975 4383 1028 4437 tab.
1054 4382 1176 4450 V111,21.
