2992 5040
755 275 849 346 Leges.

488 537 517 601 7.
556 535 1132 621 LexSulpieiarivalieia.

293 681 391 738 Fest:
421 677 502 737 Sifus
525 725 531 738 .
555 721 561 734 .
584 722 589 734 .
615 675 678 755 [pro
700 678 796 752 tulbis
811 713 848 721 —
870 723 877 736 .
901 726 907 740 .
930 727 936 740 .
962 680 1006 754 [in
1029 681 1107 757 ie]ga
1129 681 1260 740 rivalicia
1280 681 1321 739 sic
1343 683 1396 749 est,

216 778 308 850 [quae
329 775 391 832 lata
411 779 456 833 est
476 773 611 852 rogantle
633 773 775 847 populum
799 773 860 835 Ser.
884 773 1087 854 Sulpi[cio]¹:)

304 924 311 938 .
338 927 344 940 .
370 924 379 938 .
409 872 594 958 [manliani
625 871 783 957 paganive
810 872 892 956 si[fis
924 895 1040 956 aquam
1064 872 1264 961 dividnnto]:
1300 875 1400 938 donee

213 1002 282 1044 enm
306 980 390 1044 inter
414 1000 447 1043 se
470 979 482 1062 [
484 977 666 1053 diviserint,
691 1025 826 1042 ......
829 974 874 1063 ]s¹
897 978 1047 1043 iudicatio
1070 985 1148 1043 esta.

426 1156 455 1218 8.
502 1153 1201 1220 LexOscatabulaeBantinae.

288 1297 479 1365 Fropmentum
499 1293 606 1346 tabidae
624 1293 745 1355 alrenene,
763 1294 792 1344 in
807 1291 933 1346 Lucania
949 1308 1033 1360 prope
1049 1292 1181 1346 Bantiam
1199 1296 1305 1346 a.1790
1323 1295 1396 1356 (eum

226 1386 249 1439 V
263 1386 394 1454 frustulis
410 1381 569 1447 minoribus)
593 1385 738 1447 repertum,
764 1380 841 1434 hodie
859 1380 980 1448 Neapoli
999 1381 1029 1433 in
1047 1397 1135 1434 nauseo
1152 1381 1288 1434 nationali
1304 1380 1396 1433 adse*

215 1479 315 1537 saturn,
343 1472 427 1524 latum
447 1486 479 1522 m.
500 1469 571 1534 0,38,
591 1467 674 1519 altum
694 1470 768 1532 (126,
792 1468 874 1520 totius
892 1467 1000 1519 tabulae
1017 1472 1093 1520 serta
1106 1467 1168 1535 sere
1181 1485 1256 1536 pars.
1298 1469 1396 1522 Utrim-

215 1576 265 1628 que
283 1559 350 1627 lepos
367 1557 512 1623 inscriptae
528 1560 598 1616 nint,
618 1570 650 1606 cs
668 1553 754 1606 altera
768 1560 849 1622 parte
867 1555 910 1607 lea
928 1553 1002 1614 Osca,
1022 1571 1055 1607 aa
1074 1556 1161 1609 altera
1175 1555 1276 1610 Latina
1312 1556 1395 1626 Legis

216 1646 335 1701 Latinae
360 1648 550 1712 praeservata
567 1647 630 1694 sunt
649 1643 738 1708 capita
756 1647 899 1695 extremam
917 1647 1022 1695 tantum
1041 1642 1105 1710 lepis
1118 1647 1225 1710 partem
1242 1644 1260 1695 i.
1279 1659 1300 1695 e.
1317 1659 1394 1712 aare·

214 1734 285 1787 rates
308 1734 458 1786 sanctiones
481 1731 630 1793 continent,
658 1730 728 1782 uncle
752 1730 838 1797 ipsius
856 1730 920 1798 lepis
938 1731 1069 1782 sententia
1088 1732 1211 1798 capitosci
1227 1746 1282 1784 non
1298 1737 1395 1799 potest.

214 1821 308 1876 Oscum
333 1822 413 1889 lepem
436 1819 473 1871 ad
497 1834 552 1869 rem
569 1817 757 1885 municipalem
774 1817 929 1869 Bantinam
946 1823 1076 1884 spectasse
1094 1819 1185 1885 capito
1202 1824 1308 1871 seruata
1325 1820 1395 1872 satis

211 1909 304 1962 decerit
314 1949 322 1975 ,
349 1907 479 1961 Latinam
499 1904 597 1972 populi
615 1903 734 1956 Romani
746 1903 865 1970 foetosa
882 1903 1053 1957 iudiciariam
1070 1904 1159 1973 fuisse
1177 1906 1257 1974 lepem
1275 1921 1394 1973 campro-

214 1998 287 2050 bnsse
305 1995 409 2049 uidetur
428 1992 583 2059 Kirclrlroff,
603 1990 706 2046 Statu.
725 2009 747 2044 a.
762 1992 866 2045 Bantia
880 1995 981 2060 1190-
992 1995 1034 2057 97,
1052 2008 1107 2044 non
1125 1992 1287 2046 adsentiente
1304 1999 1394 2046 taurea

212 2084 269 2137 Mo.
291 2082 571 2148 0.1.L.1‚46-47.
609 2082 729 2133 Aetatem
758 2081 822 2148 lepis
849 2080 968 2134 Latinae
998 2081 1072 2135 intro
1098 2097 1122 2133 a.
1142 2083 1192 2132 621
1209 2086 1234 2134 et
1252 2084 1303 2133 636
1321 2088 1395 2134 certa

211 2173 316 2224 ratione
335 2171 473 2224 constituit
492 2167 558 2234 Mo,
583 2166 684 2228 Ossam,
703 2168 729 2220 si
741 2169 820 2235 prior
833 2167 901 2235 suit,
921 2183 945 2219 a.
966 2170 1019 2218 570
1037 2168 1188 2221 antecedere
1205 2184 1260 2221 non
1276 2170 1394 2236 potuisse

211 2259 302 2312 domuit
329 2257 391 2310 Kir.
411 2257 428 2309 l.
448 2273 470 2310 e.
488 2287 523 2294 -
552 2256 611 2308 Lea
640 2254 706 2308 Osca
736 2255 843 2308 tabulae
869 2256 955 2309 irrersa
981 2267 1038 2307 erat
1057 2256 1127 2310 trinis
1139 2258 1258 2324 popinis,
1277 2272 1393 2324 quarum

210 2347 311 2410 altero,
337 2346 454 2399 intuenti
471 2344 592 2410 desiero,
607 2345 701 2410 fracta
720 2343 814 2396 tabula
832 2343 952 2411 deperiet,
970 2343 1083 2397 alterins
1097 2360 1165 2411 pars
1183 2344 1269 2397 media
1287 2350 1393 2397 seruata

213 2441 259 2500 est,
279 2435 402 2502 superior
425 2439 450 2486 et
468 2432 582 2500 inscm'ar
600 2432 733 2498 effractae.
772 2431 886 2500 Sinpula
905 2432 994 2499 capn'ta
1012 2434 1122 2485 nonnisi
1137 2434 1232 2500 spatiis
1250 2432 1394 2485 aelrnoelum

208 2524 303 2590 parans
324 2522 450 2575 distincta
468 2527 531 2573 sunt
550 2535 718 2573 rrirnrerorum
740 2521 809 2572 notis
827 2535 882 2572 nan
900 2520 1017 2574 sasemis.
1054 2519 1168 2588 Stronta
1185 2520 1264 2573 rerba
1274 2520 1391 2587 plerum·

211 2626 260 2678 qne
286 2610 396 2678 proreta
422 2609 585 2675 interpositis
609 2607 742 2659 disiuncto
762 2613 839 2671 siant,
867 2607 1030 2676 neplepenter
1048 2623 1109 2660 cero
1128 2612 1181 2659 tam
1198 2608 1294 2674 positis
1312 2623 1392 2673 quarn

211 2698 321 2752 ammas.
359 2695 439 2763 Lepis
465 2695 545 2747 alitio
573 2696 775 2748 accieratrssima
794 2701 847 2747 est:
874 2694 944 2760 Ma,
972 2694 1014 2746 die
1032 2694 1251 2747 unteritaleselren
1269 2693 1393 2746 Dialeete

211 2786 302 2850 (1850)
319 2802 347 2851 p.
361 2785 489 2836 rto-68.
507 2781 656 2850 Archetppi
673 2788 785 2850 ectypon
803 2782 841 2836 ed.
853 2782 990 2849 Zvetoieff,
1009 2783 1111 2850 syllope
1129 2784 1248 2850 inscript.
1262 2781 1391 2835 Oscamrm

212 2875 303 2939 (1877)
327 2874 456 2938 1,75-8,·
482 2874 508 2934 2,
529 2869 614 2922 XIX.
653 2870 874 2938 interpretandae
900 2871 964 2938 lepis
991 2871 1070 2937 attasi
1094 2870 1275 2937 fundamenta
1299 2870 1392 2938 poenit

210 2959 369 3026 Kirelrltoff,
398 2975 474 3026 aaran
496 2959 526 3010 im
552 2958 712 3025 quibusdam
736 2975 795 3011 eunt
812 2959 943 3025 suppleuit
963 2964 1019 3010 tum
1038 2957 1186 3011 ernardmrit
1203 2957 1298 3026 Lanpe
1316 2957 1390 3021 (Oslt.

213 3048 318 3101 Irrselrr.
338 3047 362 3100 el,
383 3047 435 3101 tatu.
457 3046 539 3100 Baat.
559 3049 656 3113 11153),Ι
683 3045 881 3099 consentiebant
908 3045 939 3098 cle
960 3062 1064 3098 uictima
1092 3061 1121 3098 re
1137 3045 1268 3113 philolapi
1294 3060 1390 3110 orienes,

209 3136 317 3204 siapreln
338 3140 444 3187 tantum
462 3135 615 3187 accuratius
623 3139 820 3202 perscrutantes
838 3139 863 3186 et
876 3135 1042 3202 corripentes.
1070 3132 1111 3200 Cf.
1122 3132 1247 3199 Baliaris,
1261 3131 1390 3184 Fornaca-

210 3223 280 3275 lehre
298 3221 325 3275 d.
345 3222 399 3275 ost.
419 3221 480 3288 Spu
504 3224 577 3273 1871.
614 3221 704 3274 Plane
731 3221 861 3273 diversam
888 3221 1134 3287 interpretationem
1158 3221 1301 3287 proposuit
1320 3219 1392 3271 Hm..-

210 3309 270 3363 Osla
284 3327 310 3361 a.
322 3308 419 3362 Sabell.
431 3307 636 3376 Samaehrlenlcrn.
657 3311 745 3373 (1356)
762 3325 791 3377 p.
804 3311 931 3374 59-140,
953 3324 1062 3376 eamque
1079 3309 1175 3360 iterum
1187 3307 1305 3374 sistendit
1323 3311 1390 3359 1871

208 3399 238 3449 in
257 3397 339 3447 libro:
358 3394 400 3446 elie
419 3394 518 3458 Multa,
533 3412 561 3461 p.
582 3396 682 3447 61504.
721 3393 774 3447 Cui
793 3411 852 3447 cum
872 3394 944 3447 Ruri.
965 3395 1038 3460 (BG.
1058 3398 1141 3461 242⁰
1158 3396 1250 3456 Anat.)
1270 3395 1389 3462 aelstani-

210 3484 281 3536 latus
300 3487 373 3546 esset,
392 3497 446 3533 rem
464 3481 518 3532 iam
537 3482 565 3532 in
584 3481 645 3534 ertit.
680 3481 734 3534 111
749 3499 808 3535 cerm
823 3483 961 3551 philolopo
979 3499 1096 3536 sunrnme
1113 3484 1163 3536 liae
1180 3485 1210 3535 in
1228 3499 1257 3536 re
1274 3485 1391 3536 alectori-

210 3570 283 3633 tatis,
308 3568 356 3622 Fr.
375 3566 521 3619 Buecheler
537 3565 685 3633 Bonnensi,
704 3570 800 3621 iierum
813 3570 986 3636 pertractari,
1001 3587 1052 3637 per
1070 3587 1144 3637 quern
1159 3572 1392 3638 persuasissimum

210 3655 277 3708 eniri
293 3661 331 3707 est
351 3655 464 3706 nimiu-m
483 3655 588 3721 inpem'o
608 3655 750 3708 r'rrclutsissc
762 3655 828 3722 Hm,
848 3672 929 3724 eaque
948 3657 1011 3725 lepis
1028 3658 1116 3722 ceila,
1135 3657 1255 3725 equibus
1267 3664 1324 3710 toto
1331 3657 1392 3724 fere

211 3759 255 3796 res
269 3743 375 3810 pendet,
396 3742 479 3794 celasti
496 3740 637 3805 deiectum,
656 3743 779 3803 zicolom,
800 3743 945 3807 aesimom,
964 3751 1057 3798 eontra
1076 3746 1194 3798 rationes
1203 3746 1394 3812 prammatieas

208 3918 276 3979 eius,
297 3917 339 3971 eui
359 3917 493 3986 subrepta
511 3921 561 3981 est,
585 3920 753 3979 revertatur,
773 3917 811 3969 sie
833 3918 900 3985 (eod.
914 3917 951 3982 si)
972 3922 1115 3988 acceptum
1129 3922 1180 3982 est,
1198 3921 1230 3970 ut
1241 3919 1271 3971 in
1284 3917 1390 3972 domini

208 4008 378 4075 potestatem
398 4004 499 4058 debeat
518 4006 630 4058 reverti.

282 4093 307 4156 1)
335 4092 430 4145 ICtunr
459 4093 514 4146 Ser.
539 4092 690 4161 Sulpicium
718 4093 849 4146 rorrsulem
875 4110 899 4145 a.
920 4097 973 4146 703
997 4094 1123 4162 intellepit
1148 4093 1216 4146 Raeti.
1238 4092 1392 4157 RG.1,215

210 4182 258 4249 (ef.
278 4179 498 4244 litterasue),
520 4181 595 4233 nialla
614 4187 685 4234 certa
699 4183 897 4234 solimannus.
916 4211 949 4220 -
972 4184 998 4250 2)
1020 4182 1178 4252 [prraetorip
1197 4182 1263 4248 Urs,
1283 4188 1311 4234 at
1324 4198 1391 4233 eura

209 4285 342 4338 operarum
370 4275 433 4321 ante
455 4271 608 4337 Aupnstnm
634 4286 770 4323 censorum
793 4271 850 4337 fait
873 4276 955 4337 ataine
977 4271 1100 4322 oeclrlinm
1121 4271 1267 4335 curretiam,¹
1295 4267 1392 4321 Frant.

210 4373 229 4410 e.
250 4360 362 4410 itt—97.
401 4356 441 4423 Qt'.
461 4355 518 4410 Ma.
538 4355 652 4410 Stnatsr.
672 4357 798 4424 2³,46L’,‹3.
