2992 5040
235 318 255 381 8
773 313 877 368 Festus.

237 493 295 557 Du
310 494 438 576 plion
450 517 467 556 e
479 516 509 556 m
535 492 659 576 antiqui
684 491 840 570 dicebant,
866 493 949 577 qnod
975 514 1032 555 nos
1056 491 1197 576 duplum.
1237 493 1275 555 P.
1300 490 1369 555 66.ι

235 599 433 663 Eiuratio
456 598 618 679 siguificat
642 597 684 670 id,
708 599 791 681 quod
817 599 1022 673 desideretur,
1046 619 1109 661 non
1134 620 1225 680 posse
1248 597 1415 679 praestari.

237 703 385 768 Plautus:
410 702 568 766 ‘Eiuravit
591 703 759 770 militiam’.
808 704 845 769 P.
870 711 891 767 7
895 711 922 768 7.

237 810 323 885 Em,
347 813 425 872 tum.
464 808 503 872 P.
529 813 580 873 76.
628 807 716 872 Em¹
740 832 798 892 pro
821 832 903 885 eum,
928 811 968 873 nb
985 832 1032 884 eo,
1057 810 1140 893 quod
1158 814 1206 873 est
1220 809 1276 872 ‘is’.
1307 808 1344 870 P.
1361 813 1410 870 77.

238 913 309 977 Em
323 936 341 977 a
353 936 372 976 n
386 935 402 976 c
416 914 425 975 i
439 914 534 996 pati
559 914 683 977 duobus
700 914 802 977 modis
816 915 1062 999 intelleguntur:
1085 920 1141 978 aut
1157 913 1206 991 ii³‚
1231 915 1287 998 qui
1303 936 1341 977 ex
1357 936 1413 996 pa-

238 1022 296 1082 tris
319 1019 387 1082 iure
409 1019 568 1093 exierunt,
602 1024 659 1082 aut
681 1019 731 1096 ii³‚
757 1021 811 1103 qui
834 1021 969 1084 aliorum
995 1020 1078 1083 fiunt
1099 1019 1247 1093 dorninii;
1278 1041 1411 1102 quorum

238 1128 409 1206 utrumque
431 1122 470 1185 fit
493 1124 737 1206 mancipatione.
786 1125 822 1188 P.
847 1131 899 1188 77.

238 1228 409 1297 Emere.
442 1229 523 1309 quod
550 1251 634 1292 nunc
657 1235 706 1293 est
729 1232 879 1305 mereari,
912 1231 1036 1315 antiqui
1059 1229 1257 1313 accipiebant
1281 1249 1338 1311 pro
1360 1250 1413 1290 su·

239 1356 332 1397 mere.
379 1332 417 1395 P.
442 1336 493 1395 76.

240 1436 588 1518 Endoplorot0‚
620 1436 798 1519 inplorato,
830 1439 913 1521 quod
945 1444 993 1501 est
1016 1460 1087 1502 cum
1111 1437 1291 1522 questione⁴
1316 1435 1416 1501 inclu-

240 1563 335 1606 mare.
382 1540 547 1625 inplorare
573 1564 710 1625 namque
739 1546 788 1605 est
810 1564 881 1606 cum
904 1543 980 1607 fletu
1005 1565 1132 1627 rogare,
1163 1542 1245 1626 quod
1270 1546 1319 1606 est
1342 1564 1414 1624 pro·

240 1647 366 1730 proprie
389 1645 581 1729 vapulantis.
629 1647 667 1710 P.
695 1652 743 1709 77.

240 1754 364 1817 Eudo
398 1753 658 1836 procinctu,
692 1753 723 1814 in
748 1754 927 1833 procinctu:
959 1754 1120 1837 significat
1143 1758 1259 1829 autem,
1282 1775 1353 1817 cum
1377 1776 1413 1817 ex

239 1858 351 1921 castris
383 1858 413 1920 in
439 1857 594 1940 proelium
630 1857 749 1920 exitum
774 1864 836 1934 est,
870 1859 1057 1941 procinctos.
1090 1860 1198 1943 (μιιιιιίδ
1221 1861 1415 1943 praecinctos

240 1970 336 2047 atque
367 1964 549 2046 expeditos3
576 1984 649 2025 nam
673 1964 756 2044 apud
782 1963 930 2046 antiquos
954 1963 1039 2046 togis
1062 1964 1191 2028 incincti
1216 1964 1415 2049 pugnitasse⁶

240 2069 397 2133 dicuntur.
447 2069 482 2133 P.
508 2072 559 2130 77.

242 2174 386 2258 Eques
400 2178 468 2237 tre
492 2196 581 2247 aes,
606 2173 689 2256 quod
713 2172 810 2255 equiti
836 2172 980 2235 dalrutur.
1031 2173 1067 2236 P.
1090 2176 1141 2236 31.

241 2279 424 2343 Eretum
448 2278 547 2342 citu
561 2300 625 2362 mq
641 2301 659 2341 u
672 2277 705 2341 e⁷
729 2277 767 2341 fit
790 2277 873 2340 inter
896 2282 1068 2349 consortes
1093 2284 1129 2338 ut
1152 2277 1184 2338 in
1200 2275 1293 2341 libris
1311 2277 1414 2360 legum

244 2382 476 2449 Romanorum⁸
500 2384 628 2463 legitur.
676 2383 806 2446 Eretum
831 2405 849 2444 a
872 2382 1043 2445 coercendo
1066 2382 1196 2455 dictum.
1221 2383 1305 2446 unde
1320 2388 1353 2445 et
1368 2405 1415 2446 er·

240 2490 401 2554 ciscendae
424 2494 455 2552 et
471 2489 589 2551 ereisci.
626 2487 732 2552 Citum
756 2492 861 2550 autem
886 2491 934 2549 est
951 2491 1095 2549 vocatum
1114 2510 1132 2548 a
1148 2487 1266 2551 ciendo.
1304 2488 1343 2551 P.
1360 2490 1415 2550 82.

242 2596 373 2660 Escit
395 2593 464 2656 erit.
514 2594 549 2656 P.
574 2592 643 2656 77.ο

242 2702 524 2765 Everriotor
557 2705 701 2774 vocatur,
736 2700 791 2782 qui
815 2700 883 2761 iure
907 2704 1035 2781 accepta
1058 2698 1235 2762 hereditate
1258 2698 1345 2760 iusta
1367 2694 1382 2757 f
1400 2730 1415 2743 -

241 2828 311 2870 cere
334 2804 484 2868 defuncto
507 2804 615 2867 debet:
646 2805 699 2887 qni
725 2804 752 2866 si
774 2827 836 2867 non
862 2803 974 2868 lecerit
996 2826 1051 2868 seu
1076 2804 1151 2887 quid
1174 2804 1206 2865 in
1231 2825 1267 2866 ea
1290 2825 1325 2865 re
1348 2807 1414 2865 tur·

244 2911 376 2986 baverit,
400 2910 583 2993 suocapite
610 2910 685 2972 luat.
733 2908 768 2971 ld
785 2932 898 2973 nomen
923 2909 1087 2973 ductum¹⁰
1111 2907 1319 2983 averrend03
1345 2930 1414 2970 narn

243 3021 440 3081 ‘exverrae‘¹¹
463 3019 538 3078 sunt
561 3016 711 3099 purgatio
735 3015 888 3098 quaedam
913 3015 1034 3091 domus.
1063 3037 1100 3078 ex
1125 3036 1188 3098 qua
1212 3019 1357 3077 mortuus
1379 3011 1415 3074 od

242 3123 439 3206 sepulturam
463 3121 613 3184 ferendus
638 3124 696 3195 est,
721 3141 802 3203 cquae
825 3122 862 3183 fit.
885 3143 940 3203 per
958 3120 1180 3183 everriatorem
1202 3122 1288 3182 certo
1304 3138 1420 3199 genere

243 3249 409 3311 scoparum
434 3225 577 3289 adhibito
601 3226 641 3288 ab
666 3230 756 3289 extra
775 3227 927 3289 verrendo
950 3226 1115 3289 dictarum.
1162 3223 1201 3289 P.
1227 3228 1279 3287 77.

245 3334 481 3415 Exrogare
505 3336 553 3394 est
576 3354 614 3394 ex
639 3331 709 3413 lege
733 3336 838 3394 vetere
862 3331 982 3413 aliquid
1007 3330 1143 3394 eximere
1167 3350 1353 3412 pernoram
1375 3328 1421 3390 le·

244 3459 325 3521 gem.
374 3438 411 3501 P.
438 3440 492 3499 82.

246 3544 271 3607 l]
285 3566 304 3606 x
318 3549 332 3606 t
344 3565 359 3605 r·
373 3566 391 3603 a
404 3565 418 3604 r
431 3542 440 3603 i
453 3565 471 3603 u
485 3564 499 3603 s
523 3547 587 3616 est,
621 3542 675 3623 qui
700 3548 789 3603 extra
813 3542 917 3604 focum
942 3546 1174 3605 sacramentum
1197 3535 1342 3622 iusque¹²
1367 3538 1421 3599 sit.

247 3648 282 3713 P.
309 3651 359 3711 78.

245 3750 446 3815 Familia
477 3754 570 3814 antea
593 3751 625 3813 in
648 3748 758 3813 liberis
781 3748 963 3813 hominibus
988 3750 1166 3821 dicebatur,
1198 3767 1334 3830 quorum
1356 3744 1420 3809 dux

245 3864 277 3921 et
309 3859 454 3940 princeps
486 3856 612 3939 generis
644 3855 816 3916 vocabatur·
847 3859 939 3936 pater
969 3858 1001 3916 et
1025 3858 1126 3917 muter·
1148 3850 1305 3923 familiam
1338 3848 1425 3913 unde

246 3964 368 4027 familia
391 3961 546 4025 nobilium
576 3959 820 4042 Pompiliorum,
854 3958 1074 4035 Valeriorum,
1105 3954 1333 4020 Corneliorum.
1378 3952 1425 4017 Ilt

318 4142 341 4197 ll
360 4156 383 4193 e.
403 4145 463 4192 tom.
485 4138 502 4189 1
514 4154 542 4204 p.
555 4141 597 4201 39,
618 4135 670 4190 tot.
688 4133 758 4191 XII.
769 4138 793 4185 3.
813 4163 846 4172 --
865 4133 893 4198 2)
912 4149 945 4186 en
967 4132 1000 4186 G.
1021 4158 1051 4168 -
1072 4131 1099 4194 3)
1118 4128 1147 4182 hi
1167 4128 1238 4182 lieri.
1258 4156 1290 4165 -
1309 4125 1340 4193 4)
1358 4140 1424 4181 cou-

245 4227 391 4297 questione
403 4226 436 4278 G.
459 4256 486 4265 -
508 4224 536 4291 5)
555 4240 612 4291 qua
632 4222 672 4274 M.
692 4253 723 4259 -
744 4222 773 4285 6)
792 4217 938 4288 punitasse
960 4220 989 4272 Τ.
1008 4250 1043 4259 -
1063 4220 1089 4285 7)
1107 4234 1162 4285 qne
1179 4214 1229 4269 del.
1242 4212 1371 4283 aaran.
1387 4240 1426 4253 -·

245 4314 272 4382 8)
292 4328 489 4368 dromonorum
511 4309 552 4363 Μ,
577 4339 609 4349 -
637 4310 664 4377 9)
682 4326 707 4361 ι’.
725 4315 786 4361 tom.
807 4308 824 4359 1
848 4326 873 4374 p.
893 4312 936 4374 23,
957 4309 1009 4361 lob.
1036 4307 1097 4369 Η.
1109 4310 1132 4358 5.
1143 4308 1168 4359 7.
1204 4300 1372 4357 Setoellvo.
1389 4324 1427 4341 ···

247 4401 291 4470 10)
309 4400 414 4454 dictum
439 4399 468 4453 T.
490 4429 518 4437 —
543 4398 586 4467 ll)
605 4412 743 4451 exvernae
763 4397 833 4449 libri.
853 4425 886 4433 -
908 4396 952 4463 12)
971 4410 1057 4464 usque
1075 4392 1117 4447 M.
1411 4418 1414 4423 ·
