2992 5040
157 305 196 370 16
569 303 654 372 Leges
672 301 726 356 XII
745 302 918 358 tabularum.

155 480 248 566 (21,2
264 481 288 564 ε)
313 518 353 528 -
378 479 460 545 SCta
482 480 574 557 liunt,
597 477 643 543 ‘ut
666 499 769 563 neque
791 478 912 541 tribuni
936 479 1039 564 legem
1054 502 1091 544 eo
1106 503 1190 545 anno
1205 481 1337 561 ferrent,

156 582 270 670 nequa’
291 591 340 650 cet.
388 585 509 670 (24,7;)
533 621 574 632 -
599 583 722 648 tribuni
745 581 836 665 (295)
860 619 902 630 -
926 583 1056 648 comitia
1079 589 1261 668 quaestores
1276 587 1336 651 ha·

155 689 230 754 bere
253 691 291 754 de
318 711 372 754 reo
390 689 560 771 (Volscio),
584 688 646 752 nisi
668 689 758 772 prius
781 687 893 753 habita
912 689 950 754 de
966 689 1035 776 lege
1050 694 1164 769 essent,
1187 713 1336 774 passuros

156 795 326 880 negabant.
375 794 494 877 (25,1;)
524 793 732 857 —consules
768 792 844 857 sacti
880 792 970 875 (296)
997 794 1075 858 duas
1098 795 1239 860 residuas
1263 819 1336 861 ann.

155 900 271 984 prioris
294 921 406 963 causas
433 901 632 981 exceperunt,
655 935 700 946 -
723 899 847 980 (25,2:)
874 898 974 983 legem
999 936 1041 945 -
1057 900 1273 984 impediebant
1283 939 1337 964 -.

155 1004 277 1089 (aasz)
301 1004 381 1069 Cum
396 1001 569 1089 Verginius
592 1003 728 1066 maxime
751 1025 789 1066 ex
805 1003 944 1067 tribunis
960 1004 998 1069 de
1014 1003 1085 1089 lege
1104 1010 1221 1090 ageret,
1238 1007 1337 1071 duum

154 1131 299 1173 mensum
321 1107 462 1192 spatium
485 1107 668 1171 consulibus
691 1107 802 1170 datum
831 1113 880 1172 est
904 1109 944 1172 ad
967 1109 1195 1193 inspiciendam
1220 1110 1336 1195 legem,

155 1218 201 1293 ut,
225 1237 297 1278 cum
320 1213 520 1277 edocuissent
542 1212 705 1295 populum,
730 1212 806 1295 quid
829 1211 952 1276 fraudis
970 1214 1112 1279 occultae
1128 1214 1274 1293 ferretur,
1291 1216 1336 1278 si·

156 1322 270 1385 nerent
291 1317 404 1382 deinde
426 1315 616 1401 suffragium
640 1317 729 1380 inire.
774 1315 845 1380 Hoc
868 1318 1032 1382 intervalli
1055 1319 1164 1384 datum
1182 1342 1231 1384 res
1248 1324 1337 1384 tran·

157 1424 273 1509 quillus
296 1425 329 1488 in
354 1421 432 1487 urbe
455 1421 540 1486 fecit:
587 1422 708 1502 (29,8:)
739 1421 891 1486 Extremo
915 1444 998 1487 anno
1024 1423 1182 1508 agitatum
1204 1424 1243 1488 de
1267 1424 1337 1508 lege

155 1530 195 1594 ab
227 1527 366 1593 tribunis
397 1533 462 1604 est3
497 1528 616 1592 sed-
640 1551 679 1592 ne
703 1528 778 1612 quid
807 1527 946 1593 ferretur
980 1531 1020 1594 ad
1042 1529 1196 1614 populum
1229 1535 1337 1614 patres

154 1638 293 1698 tenuere.
340 1633 456 1718 (30‚1:)
480 1632 639 1698 -initio
671 1634 747 1697 anni
771 1634 880 1715 (297),
912 1657 985 1699 cum
1017 1633 1096 1698 foris
1119 1633 1220 1698 otium
1243 1640 1336 1714 esset,

155 1739 241 1803 domi
264 1738 433 1803 seditiones
458 1775 500 1785 —
525 1739 634 1803 eadem
656 1739 707 1802 lex
722 1737 870 1817 faciebat,
896 1740 1023 1823 (30,2):
1049 1740 1244 1823 ulteriusque
1262 1763 1337 1805 ven-

156 1849 225 1908 tum
250 1843 343 1921 foret,
368 1845 445 1908 adeo
469 1849 652 1909 exarserant
670 1843 779 1923 animi,
796 1845 829 1909 ni
852 1852 902 1912 cet.
942 1843 1059 1928 (31,1:)
1084 1843 1178 1908 Domi
1193 1844 1338 1928 forisque

157 1949 259 2013 otium
283 1949 346 2014 fuit
369 1947 474 2032 (298).
497 1986 538 1997 -
564 1949 684 2032 (31,2;)
708 1956 860 2034 sequente
882 1974 966 2016 anno
990 1951 1081 2035 (299)
1104 1950 1208 2036 legem
1232 1950 1337 2014 omni-

154 2052 216 2117 bus
240 2054 442 2119 contionibus
472 2055 538 2119 suis
565 2054 727 2120 celebrant
750 2055 910 2140 (tribuni).
933 2093 976 2104 -
1001 2054 1116 2141 (31,6:)
1149 2054 1237 2138 (novi
1261 2076 1338 2119 con-

155 2158 252 2244 sules)
283 2159 413 2224 aiebant
434 2196 477 2206 —
501 2159 633 2243 ‘plebem
665 2165 697 2224 et
720 2161 866 2225 tribunos
898 2161 1002 2246 legem
1032 2160 1117 2225 ferre
1139 2183 1204 2225 non
1227 2157 1338 2244 posse'.

155 2264 276 2346 (31,7:)
307 2262 388 2327 Tum
420 2265 543 2328 abiecta
566 2265 651 2348 lege,
685 2287 766 2348 quae
798 2266 1004 2350 promulgata
1028 2270 1245 2343 consenuerat,
1278 2265 1339 2331 tri.-

155 2369 233 2432 buni
259 2368 360 2432 lenius
383 2391 477 2454 agere
499 2392 569 2434 cum
592 2369 755 2453 patribus:
778 2368 883 2434 ‘finem
907 2371 1037 2435 tandem
1062 2371 1272 2435 certaminum
1287 2368 1338 2433 fa-

155 2478 272 2553 cerent,
295 2511 337 2521 -
361 2473 572 2538 communiter
594 2474 702 2558 legum
726 2475 843 2539 latores
866 2480 897 2539 et
914 2497 952 2539 ex
969 2475 1062 2559 plebe
1079 2480 1110 2540 et
1126 2498 1164 2541 ex
1179 2476 1337 2560 patribus

157 2579 213 2662 qui
238 2579 381 2663 utrisque
405 2578 498 2642 utilia
523 2580 643 2643 ferrent
666 2602 809 2664 quaeque
832 2582 1017 2664 aequandae
1040 2581 1199 2646 libertatis
1222 2584 1338 2658 essent,

158 2683 299 2747 sinerent
322 2681 441 2748 creari.’
486 2682 604 2766 (31,8:)
628 2682 709 2747 Rem
732 2706 795 2747 non
819 2686 1097 2768 adspernabantur
1112 2690 1228 2768 patres,
1252 2685 1339 2749 latu-

154 2811 226 2852 rum
249 2786 336 2871 leges
360 2788 518 2852 neminem
541 2788 603 2852 nisi
626 2811 664 2852 ex
681 2789 836 2872 patribus,
861 2788 999 2854 aiebant.
1049 2791 1132 2854 Cum
1155 2790 1193 2854 de
1211 2788 1338 2874 legibus

155 2893 349 2970 conveniret,
382 2894 420 2957 de
442 2892 545 2957 latore
568 2898 693 2958 tantum
717 2896 918 2979 discreparet,
952 2896 1043 2959 missi
1070 2893 1169 2980 legati
1192 2893 1338 2958 Athenas

154 2997 207 3083 Sp,
232 2997 415 3062 Postumius
432 2997 546 3077 Albus,
572 2999 610 3064 Α.
624 2999 773 3078 Manlius,
798 2999 834 3063 P.
848 2999 1008 3084 Sulpicius
1021 2998 1219 3075 Camerinus,
1243 2997 1338 3063 iussi·

154 3126 216 3189 que
249 3102 376 3167 inclitas
407 3103 493 3188 leges
524 3101 649 3167 Solonis
672 3104 848 3168 describere
880 3108 911 3168 et
934 3104 1071 3169 aliarum
1098 3103 1236 3169 Graecae
1259 3104 1338 3169 civi-

154 3209 271 3273 tatium
288 3208 437 3272 instituta
453 3230 556 3272 mores
572 3209 704 3292 iuraque
720 3229 857 3273 noscere.
892 3209 1013 3294 (32,1:)
1031 3247 1071 3256 —
1093 3208 1219 3293 quietus
1236 3228 1338 3271 annus

156 3315 247 3396 (301)
272 3352 312 3362 -
337 3313 464 3377 silentio
487 3313 698 3391 tribunorum,
723 3314 807 3397 quod
830 3352 872 3360 —
898 3315 1089 3401 legatorum,
1113 3313 1168 3397 qui
1191 3310 1338 3375 Athenas

154 3420 267 3495 ierant,
296 3419 467 3502 legumque
483 3419 721 3503 peregrinarum
738 3420 931 3503 exspectatio
948 3419 1104 3503 praebuit.
1121 3455 1164 3465 —
1181 3416 1336 3500 (32,6.7:)

154 3522 222 3587 lam
252 3525 344 3606 (302)
378 3524 536 3588 redierant
565 3523 664 3609 legati
694 3546 766 3589 cum
789 3525 907 3589 Atticis
930 3523 1066 3608 legibus.
1112 3522 1161 3587 Eo
1182 3521 1337 3585 intentius

156 3629 322 3693 instabant
344 3629 476 3707 tribuni,
502 3632 538 3692 ut
562 3630 689 3693 tandem
712 3630 950 3694 scribendarum
968 3627 1076 3714 legum
1092 3625 1220 3690 initium
1236 3625 1336 3690 fieret.

158 3731 266 3797 Placet
289 3733 388 3797 creari
407 3730 522 3796 Xuiros
546 3733 613 3796 sine
629 3733 863 3816 provocatione,
888 3737 920 3797 et
944 3754 984 3796 ne
1007 3733 1079 3816 quis
1102 3754 1138 3796 eo
1154 3752 1237 3796 anno
1254 3729 1337 3794 alius

157 3838 367 3922 magistratus
400 3841 491 3901 esset.
543 3837 843 3901 Admiscerenturne
875 3837 995 3920 plebei,
1030 3837 1246 3901 controuersia
1277 3833 1339 3898 ali-

99 4002 102 4009 ,
157 3943 308 4024 quamdiu
331 3940 413 4023 fuit!;
444 3946 603 4025 postremo
633 3962 813 4005 concessum
842 3941 996 4025 patribus.
1022 3977 1061 3988 -
1089 3939 1208 4024 (33‚1:)
1243 3937 1339 4001 Anno

157 4047 383 4112 trecentesimo
407 4048 516 4124 altero,
540 4069 635 4130 quam
652 4047 780 4110 condita
796 4046 898 4110 Roma
914 4051 991 4124 erat,
1014 4083 1057 4094 -
1073 4049 1218 4110 mutatur
1233 4043 1339 4107 forma

156 4152 296 4216 civitatis
328 4153 368 4216 ab
393 4152 576 4217 consulibus
606 4151 644 4215 ad
667 4150 792 4217 Xuiros.
816 4188 859 4198 —
884 4152 1007 4234 (33,3:)
1041 4147 1217 4213 Decemviri
1240 4148 1339 4212 creati

156 4258 281 4342 Appius
311 4257 462 4323 Claudius
494 4263 544 4323 cet.
568 4294 612 4304 —
644 4255 763 4340 (34,1;)
797 4256 880 4320 Tum
904 4256 996 4338 (308)
1020 4255 1145 4340 legibus
1168 4252 1339 4318 condendis

157 4384 255 4446 opera
278 4363 431 4439 dabatur3
456 4362 644 4448 ingentique
667 4361 832 4426 hominum
856 4360 1092 4445 exspectatione
1114 4356 1286 4442 propositis
1309 4354 1338 4419 X
