2992 5040
673 313 813 370 Boethius.
1292 315 1332 380 77

152 517 236 559 anno
262 496 413 559 continuo
440 493 540 558 fuerit
567 515 651 571 usus,
675 493 707 558 id
740 493 831 556 firma
857 492 935 556 iuris
959 493 1150 558 auctoritate
1165 493 1334 577 possideat,

153 598 243 663 velut
267 623 332 663 rem
356 600 522 675 mobilen13
547 598 638 662 fundi
663 620 736 663 uero
758 599 909 682 usucapio
927 599 1047 664 biennii
1062 599 1214 684 temporis
1230 598 1334 682 spatio

154 705 346 768 continetur.
373 743 412 752 -
439 706 485 768 ait
510 701 666 787 (Cicer0):
691 708 747 781 ‘ut,
772 703 923 787 quoniam
946 726 1022 769 usus
1046 703 1219 768 auctoritas
1242 701 1333 766 fundi

155 810 319 875 biennium
343 815 401 889 est,
430 810 472 874 sit
495 810 591 873 etiam
616 808 762 872 aedium!
808 807 870 873 Hic
892 809 995 894 igitur
1017 810 1141 874 aedium
1164 829 1241 873 usus
1264 829 1335 871 auc·

154 915 318 978 toritatem
342 915 470 979 biennio
494 915 563 979 fieri
586 914 710 979 seutit¹.
758 917 865 997 (308.)

243 1042 281 1085 ex
305 1021 324 1085 I.
344 1026 364 1084 4
387 1021 431 1084 ud
453 1041 478 1085 c.
504 1025 553 1099 10,
566 1025 617 1084 41.
664 1019 829 1084 Fiduciam
852 1055 894 1066 -
919 1021 1049 1104 accepit,
1077 1021 1265 1104 cuicumque
1288 1038 1338 1082 res

155 1126 264 1210 aliqua
290 1125 508 1208 mancipatur,
538 1129 576 1187 ut
607 1146 675 1189 eam
709 1125 904 1208 mancipanti
927 1127 1137 1209 remancipet3
1173 1125 1276 1200 velut,
1309 1123 1338 1187 si

156 1231 228 1314 quis
252 1235 377 1314 tempus
401 1229 531 1293 dubium
555 1230 673 1293 timens
697 1229 798 1294 amico
821 1231 994 1313 potentiori
1017 1230 1151 1295 fundum
1166 1228 1336 1312 mancipet,

156 1343 192 1401 ut
214 1336 253 1415 ei,
278 1359 349 1402 cum
366 1341 490 1420 tempus
508 1335 592 1421 quod
608 1339 791 1419 suspectum
807 1340 855 1400 est
870 1334 1080 1420 praeterierit,
1096 1334 1218 1398 reddat.
1250 1332 1338 1398 Haec

158 1442 351 1525 mancipatio
386 1441 551 1505 fiduciaria
574 1440 758 1504 nominatur
782 1441 907 1518 idciroO,
941 1441 1024 1525 quod
1049 1440 1237 1505 restituendi
1261 1439 1337 1504 fides

156 1547 383 1629 interponitur.
430 1548 537 1630 (340.)

245 1672 283 1715 ex
308 1651 328 1714 l.
356 1656 376 1714 6
398 1651 441 1714 ad
464 1671 488 1715 c.
513 1657 564 1728 17,
583 1655 633 1716 65.
680 1649 747 1714 Dos
770 1687 810 1697 -·
835 1651 909 1716 licet
939 1651 1143 1716 matrimonio
1172 1653 1338 1715 constante

157 1757 190 1822 in
214 1755 306 1820 bonis
329 1755 390 1819 viri
413 1756 470 1834 sit,
503 1760 680 1820 esttamen
704 1756 738 1818 in
763 1755 869 1820 uncus
892 1755 977 1833 iure,
1014 1760 1046 1820 et
1069 1759 1142 1838 post
1164 1754 1338 1819 divortium

158 1862 245 1926 velut
275 1882 325 1924 res
358 1860 470 1923 uxoria
503 1861 567 1943 peti
597 1865 712 1944 potest.
759 1859 846 1936 Quae
875 1861 1002 1944 quidem
1025 1861 1082 1924 dos
1105 1859 1265 1924 interdum
1288 1858 1339 1922 his

158 1966 398 2031 condicionibus
430 1966 498 2029 dari
532 1966 672 2044 solebat,
703 1971 757 2044 ut,
790 1967 816 2028 si
839 1966 925 2029 inter
948 1967 1051 2029 virum
1075 1986 1268 2048 uxoremque
1291 1963 1339 2027 di·

160 2071 298 2134 vortium
330 2070 530 2151 contigisset,
566 2069 660 2154 ‘quod
692 2069 805 2134 melius
838 2070 969 2154 aequius
992 2072 1094 2147 esset',
1126 2069 1209 2153 apud
1233 2069 1337 2132 virum

159 2182 349 2252 remaneret,
384 2172 542 2256 reliquum
567 2174 650 2238 dotis
674 2174 897 2239 restitueretur
919 2175 1027 2253 uxori,
1058 2174 1089 2237 id
1113 2178 1162 2237 est
1184 2181 1231 2251 ut,
1254 2172 1339 2257 quod

161 2303 198 2344 ex
222 2280 296 2343 dote
319 2280 494 2343 iudicatum
525 2279 639 2344 fuisset
668 2279 782 2344 melius
806 2280 937 2363 aequius
960 2300 1036 2358 esse,
1070 2282 1106 2343 ut
1129 2278 1212 2362 apud
1237 2277 1339 2342 virum

161 2389 314 2460 maneret,
348 2384 380 2446 id
404 2384 453 2447 vir
475 2384 537 2448 sibi
560 2386 721 2462 retineret,
754 2386 839 2469 quod
862 2406 935 2448 vero
959 2405 1021 2448 non
1046 2387 1126 2448 esset
1151 2382 1264 2446 melius
1286 2403 1338 2445 ae·

160 2511 241 2574 quus
272 2490 354 2573 apud
388 2489 491 2554 virum
521 2512 665 2568 manere,
699 2490 732 2554 id
763 2511 843 2553 uxor
875 2493 948 2572 post
978 2489 1151 2552 divortium
1174 2488 1338 2570 reciperet.

160 2594 197 2660 In
221 2615 285 2677 quo
308 2594 424 2658 iudicio
456 2616 519 2658 non
549 2599 676 2658 tantum
704 2593 780 2658 boni
803 2599 919 2658 natura
941 2594 1078 2678 spectari
1100 2594 1197 2671 solet,
1230 2614 1339 2656 verum

161 2704 257 2766 etiam
287 2699 483 2782 comparatio
506 2698 663 2764 bonorum
688 2699 741 2778 fit,
775 2703 897 2762 utnon
923 2704 989 2763 tam
1012 2698 1097 2783 quod
1121 2698 1254 2776 bonum,
1286 2697 1340 2761 sed

162 2807 245 2890 quod
269 2803 383 2868 melius
407 2804 601 2888 aequiusque
624 2808 682 2882 est,
706 2804 737 2867 id
762 2804 955 2888 sequendum
979 2802 1048 2867 sit'.
1095 2803 1202 2882 (378.)

416 3030 506 3097 VIII.
547 3027 733 3095 SERVIUS
757 3026 802 3092 IN
827 3025 1084 3094 VERGILIUM.

249 3190 347 3244 Mauri
372 3193 406 3256 (a.
425 3189 527 3255 Marii)
552 3187 639 3242 Seruii
657 3186 796 3241 Honorati
812 3185 984 3254 prammatici
1001 3200 1069 3238 saec.
1088 3182 1143 3250 IV,
1170 3183 1218 3252 qui
1241 3201 1259 3237 a
1278 3182 1340 3237 Ma-

163 3279 260 3344 cratn‘c,
280 3280 440 3344 sat.1,2,15,
462 3276 595 3330 ‘doctriua
612 3275 756 3329 mirabitie'
775 3274 927 3342 appellatur
945 3274 990 3338 (cf.
1004 3273 1097 3326 Aaron
1114 3271 1145 3324 in
1157 3270 1227 3324 Hor.
1246 3275 1297 3325 eat.
1316 3274 1341 3337 1,

163 3370 243 3434 9,76),
263 3366 462 3433 amplissimum
479 3365 509 3417 tn
527 3363 674 3432 Verpr'le'um
692 3360 910 3416 commentarium
928 3359 962 3413 ab
981 3358 1201 3427 epitomaton'bua
1218 3362 1243 3411 et
1260 3358 1341 3411 inter-

159 3454 329 3523 polatoribns
354 3452 421 3505 mire
445 3456 570 3505 vexatam
596 3451 636 3504 ed.
661 3450 723 3502 Alb.
744 3447 829 3514 Lien,
857 3445 1040 3500 commeruerit
1063 3445 1094 3498 c'n
1119 3443 1265 3513 Verpitinm
1283 3443 1342 3499 Ser·

163 3542 246 3608 ciant,
266 3543 343 3594 1826.
380 3538 488 3592 Novam
505 3538 647 3592 editionem
663 3537 857 3590 inchoaverunt
877 3533 910 3588 G.
934 3532 1011 3586 uuita
1029 3537 1053 3585 et
1071 3531 1109 3586 H.
1128 3531 1235 3601 Hapen,
1256 3529 1342 3585 Servii

161 3628 333 3699 qrammatici
350 3627 399 3695 qni
414 3626 542 3693 ferantur
559 3625 589 3677 in
606 3624 682 3693 Verq.
702 3640 783 3678 carm.
803 3622 994 3689 commentarii,
1015 3624 1082 3675 1881
1103 3637 1155 3690 seq.
1192 3621 1289 3674 Adieci
1306 3621 1344 3675 aa

164 3719 231 3771 Aen.
252 3718 347 3781 10,241
367 3712 497 3767 scttolr'nrn
514 3712 611 3765 incerti
629 3712 758 3778 auctoris,
778 3711 826 3779 qni
843 3711 900 3764 iam
918 3715 980 3764 ante
992 3707 1114 3762 Seruium
1130 3708 1256 3776 floruisse
1274 3723 1341 3761 com-

164 3803 360 3870 mentamoeque
379 3800 480 3854 saecuti
499 3797 613 3852 Ι-ΙΠ
632 3798 796 3865 excerpsisse
813 3797 926 3851 videtur.
965 3795 1040 3865 Quae
1057 3797 1160 3850 schotto
1179 3813 1204 3849 a.
1223 3797 1292 3848 1818
1309 3794 1344 3848 ab

164 3894 235 3962 Any.
255 3891 319 3945 Mai
344 3888 462 3942 Veronae
480 3887 510 3940 in
522 3887 612 3940 codiee
629 3887 759 3954 rescripto
777 3890 882 3952 reperta
899 3883 982 3950 (unde
1001 3883 1081 3936 aetat.
1098 3882 1192 3937 Veron.
1205 3883 1343 3950 appellan-

163 3983 220 4045 tur)
243 3977 388 4031 nomasime
406 3975 480 4028 edita
503 3980 567 4028 eunt
586 3975 620 4027 ab
639 3973 677 4028 H.
697 3973 762 4028 Keil
779 3974 809 4026 tn
828 3971 913 4026 Probi
931 3976 1066 4026 comment.
1084 3972 1116 4024 in
1140 3970 1215 4038 Verq.
1234 3972 1304 4023 1848
1321 3974 1345 4022 et

164 4065 233 4120 Arn.
252 4064 404 4130 Hermann,
422 4063 465 4115 die
490 4061 633 4115 Veronener
657 4060 872 4130 Verpe'tsctectr'en,
892 4058 1138 4127 Dananeactr‘npen
1158 4061 1234 4111 1868.

164 4165 371 4173 ——.-.-—-.

254 4213 280 4282 l)
300 4211 353 4266 Oic.
369 4228 422 4280 pro
442 4209 517 4266 Caec.
536 4212 628 4276 19‚54:
653 4207 698 4262 lex
722 4224 802 4260 usum
821 4210 849 4262 et
868 4207 1070 4261 auctoriIatem
1090 4204 1171 4259 fundi
1188 4203 1268 4258 iubet
1286 4220 1344 4258 esee

165 4299 317 4355 biennium.
356 4298 398 4366 Gs.
418 4297 503 4351 ΖΒΘ.
523 4300 607 4365 9,]96.
628 4325 660 4335 -
687 4295 713 4360 2)
732 4294 777 4348 De
794 4295 844 4350 hcc
862 4296 919 4350 Ioco
937 4295 973 4363 cs.
992 4294 1162 4359 Beetmann,
1185 4290 1347 4347 Dotalrectt

165 4393 235 4456 1,72.
276 4387 414 4457 Grumum,
433 4385 594 4440 Dotatrectt
613 4387 657 4438 40.
