2992 5040
580 317 668 388 Leges
687 318 738 373 ΧΠ
757 317 928 373 tabularum.
1295 323 1336 389 17

157 494 286 574 tabulis,
309 497 464 581 populum
493 496 532 561 ad
556 496 736 560 contionem
759 496 1005 560 advocaverunt:
1028 533 1072 544 —
1095 497 1208 579 (3432)
1231 496 1273 562 ‘se
1295 536 1337 547 —

160 597 320 678 omnibus,
344 601 477 665 summis
500 599 692 683 infimisque,
717 599 788 663 iura
804 597 974 684 aequasse’
996 635 1039 647 -
1063 600 1180 685 (34,6;)
1204 600 1337 668 eumad

158 726 301 769 rumores
325 703 492 769 homiuum
516 705 554 768 de
577 726 770 789 unoquoque
792 703 900 789 legum
923 706 1027 789 capite
1049 706 1150 771 editos
1172 707 1250 772 satis
1268 729 1338 772 eor·

158 814 261 875 rectae
284 810 485 890 viderentur,
518 810 705 875 centuriatis
738 809 875 874 comitiis
897 809 928 874 X
950 811 1133 875 tabularum
1156 811 1241 895 leges
1265 835 1337 896 per·

158 916 240 980 latae
262 918 352 991 sunt,
387 936 468 999 quae
498 937 582 979 nunc
611 937 737 1000 quoque
767 914 801 978 in
825 915 886 980 hoo
907 915 1062 981 immenso
1085 917 1219 981 aliarum
1243 939 1338 1001 super

159 1020 236 1085 alias
260 1024 481 1085 acervatarum
512 1020 621 1105 legum
644 1020 771 1084 cumulo
793 1019 866 1085 fons
889 1021 992 1086 omnis
1014 1021 1132 1105 publici
1156 1022 1337 1107 privatique

158 1130 205 1190 est
226 1125 316 1189 iuris.
365 1125 484 1204 (34,7:)
508 1124 672 1210 Vulgatur
694 1125 805 1190 deinde
827 1147 947 1204 rumor,
971 1125 1049 1189 dues
1071 1127 1177 1191 deesse
1199 1126 1336 1205 tabulas,

159 1231 274 1315 quibus
297 1230 428 1295 adiectis
454 1229 576 1295 absolvi
599 1230 702 1314 posse'
715 1230 801 1295 velut
823 1252 937 1315 corpus
960 1234 1063 1295 omnis
1087 1229 1225 1295 Romani
1247 1231 1335 1295 iuris.

158 1335 205 1400 Ea
238 1336 501 1420 exspectatio-
525 1334 713 1399 desiderium
743 1334 858 1400 Xuiros
885 1337 1000 1401 iterum
1032 1337 1160 1402 creandi
1182 1336 1268 1401 fecit.
1292 1373 1337 1387 --

159 1442 276 1526 (37,4;)
300 1439 367 1504 Iam
393 1445 425 1504 et
440 1443 636 1524 processerat
658 1461 731 1522 pars
747 1439 850 1504 maior
864 1442 940 1504 anni
956 1442 1048 1521 (304)
1065 1445 1097 1506 et
1112 1442 1192 1505 duae
1208 1440 1336 1506 tabulae

161 1547 264 1633 legum
288 1546 328 1610 ad
351 1545 467 1630 prioris
491 1545 566 1608 anni
589 1542 619 1608 X
643 1544 769 1609 tabulas
792 1551 884 1609 erant
906 1546 1056 1625 adiectae,
1084 1547 1337 1632 necquicquam

160 1652 219 1716 iam
248 1655 422 1735 supererat,
448 1650 475 1713 si
499 1670 553 1713 eae
577 1670 702 1733 quoque
724 1649 810 1735 leges
833 1651 1020 1716 centuriatis
1042 1651 1178 1715 comitiis
1194 1651 1336 1735 perlatae

163 1761 276 1833 essent,
311 1777 367 1819 cur
399 1777 435 1820 eo
468 1754 660 1839 magistratu
694 1756 739 1819 rei
771 1755 917 1838 publicae
947 1779 1026 1840 opus
1060 1760 1149 1820 esset.
1197 1757 1335 1843 (57‚10:)

162 1860 346 1946 Priusquam
379 1861 492 1925 urbem
522 1861 811 1944 egrederentur-
836 1862 988 1943 (canardos
1011 1883 1040 1925 α.
1065 1861 1143 1943 306)
1172 1861 1258 1946 leges
1281 1862 1336 1926 de-

165 1965 353 2043 cemvirales,
388 1965 505 2050 quibus
527 1963 647 2029 tabulis
670 1966 833 2030 duodecim
857 1972 905 2031 est
927 1989 1056 2046 nomeu,
1088 1969 1122 2031 in
1146 1989 1198 2031 aes
1221 1968 1336 2032 incisas

165 2071 192 2134 in
224 2071 352 2154 publico
386 2076 629 2155 proposuerunt.
676 2069 758 2135 Sunt
792 2071 846 2155 qui
877 2072 963 2136 iussu
993 2071 1196 2136 tribunorum
1220 2071 1336 2137 aediles

166 2176 284 2241 iunctos
308 2197 345 2240 eo
369 2176 546 2241 ministerio
569 2176 720 2240 scribant.

636 2350 812 2416 TABULA
837 2349 862 2414 l.

247 2493 274 2554 1.
315 2488 347 2554 Si
364 2513 394 2554 rs
418 2513 462 2553 rus
480 2513 577 2564 vocar,
602 2513 656 2553 uo.
704 2489 746 2554 Νι
769 2515 807 2568 rr,
829 2509 1036 2554 nurasraurno:
1057 2511 1157 2552 reinna
1172 2511 1211 2552 an
1226 2513 1334 2555 enarro.

168 2595 192 2658 t
229 2593 259 2659 Si
282 2618 425 2659 caavrrrn
452 2618 581 2659 rarraava
604 2620 720 2672 suarim,
744 2620 846 2661 neuun
867 2619 940 2660 auno
962 2617 1064 2658 ricino.
1111 2593 1140 2657 3.
1169 2591 1336 2660 Sinopeus

226 2829 316 2875 Testi
327 2829 444 2874 monis:
464 2827 485 2885 1,
506 2830 528 2875 l.
565 2820 719 2890 Porpdyrio
739 2819 867 2890 (adHor.
885 2824 1043 2889 eot.1,9,76:
1064 2830 1224 2875 Adversarius
1242 2829 1338 2875 molesti

163 2916 221 2962 illius
239 2917 367 2962 Horatium
386 2916 504 2972 consulit,
524 2929 555 2960 au
574 2917 700 2976 permittat
724 2928 750 2960 se
768 2915 903 2971 antestari,
931 2916 1021 2961 iniecta
1039 2929 1112 2961 manu
1131 2918 1283 2962 extracturus
1304 2915 1336 2960 ad

163 3011 301 3064 praetorem,
321 3004 386 3065 quod
405 3004 541 3049 vadimonio
562 3017 609 3048 non
627 3004 743 3063 paruerit.
780 3003 815 3047 De
835 3001 880 3047 lios
900 3007 983 3047 autem
1000 3004 1052 3060 lege
1072 3001 1123 3046 XII
1135 3001 1187 3047 tab.
1206 3001 1244 3047 his
1258 3001 1336 3047 verbis

160 3182 281 3228 detestari
307 3184 346 3225 est
369 3177 411 3236 (an
430 3173 480 3224 itta.
500 3169 567 3236 cod.)
596 3191 653 3235 ergo
672 3183 729 3223 ante
747 3178 834 3223 testari
853 3169 988 3236 (antestare
1007 3166 1074 3235 cod.)
1093 3175 1185 3219 scilieet
1204 3179 1335 3236 antequam

158 3282 253 3314 manum
274 3267 366 3313 initiat.
405 3257 459 3312 Cic.
480 3257 521 3327 (de
540 3258 586 3326 leq.
605 3258 699 3327 2‚4,9):
725 3266 844 3324 Aparvia
864 3287 904 3318 -,
925 3261 1019 3316 Qutute‚
1039 3261 1178 3306 didicimus:
1207 3257 1235 3306 ‘si
1254 3263 1279 3307 in
1297 3263 1334 3307 tus

156 3357 233 3403 voeat'
263 3362 339 3416 atque
363 3349 404 3413 (at
426 3347 476 3400 ins.
503 3344 590 3412 codd.)
616 3354 677 3398 alias
701 3351 817 3397 eiusmodi
841 3352 909 3408 legas
933 3350 1065 3396 nominare.
1102 3338 1170 3394 Gall.
1195 3341 1335 3410 (20,1‚25)=

157 3445 237 3491 Verba
258 3447 316 3488 sunt
334 3440 396 3486 liaeo
415 3441 489 3498 legis:
510 3439 538 3485 ‘ai
556 3442 580 3484 tn
600 3441 636 3485 ius
653 3440 741 3486 voeat’.
779 3432 831 3485 Bk.
851 3432 888 3485 ud
905 3431 973 3485 Her.
993 3430 1086 3500 (2,13)=
1105 3435 1170 3495 Lege
1188 3437 1225 3481 ius
1245 3441 1282 3481 est
1302 3436 1334 3491 id,

155 3533 217 3594 quod
235 3534 304 3577 iussu
322 3531 406 3591 populi
424 3529 542 3575 sancitum
563 3534 607 3585 eat,
627 3529 691 3589 quod
710 3542 799 3586 genus:
817 3532 845 3573 ut
863 3528 889 3572 in
908 3529 945 3572 ius
967 3539 1016 3579 aas,
1036 3538 1089 3570 eum
1101 3524 1201 3569 voceris.
1215 3546 1247 3554 -
1261 3515 1333 3569 Feat.

155 3612 197 3673 (P.
212 3614 258 3678 76)
274 3619 326 3671 Em,
346 3623 406 3662 tum.
444 3614 499 3677 (77)
518 3618 562 3662 Em
582 3609 621 3679 [en
634 3608 679 3677 G.]
698 3631 740 3677 pro
753 3630 815 3671 eum,
835 3616 866 3661 ab
880 3630 916 3672 eo,
935 3616 1000 3676 qnod
1013 3618 1050 3659 est
1064 3614 1107 3659 ‘ie'.
1127 3605 1167 3665 (P.
1177 3602 1239 3673 105)
1258 3612 1337 3669 Igitur

153 3721 215 3755 nunc
235 3707 335 3768 quidem
353 3719 522 3768 pro-argo;
542 3706 584 3750 sed
604 3705 668 3765 apud
687 3706 798 3766 antiquos
816 3703 954 3766 ponebatur
972 3716 1014 3762 pro
1032 3702 1088 3747 inde
1107 3706 1132 3746 et
1145 3704 1229 3762 postea
1242 3702 1335 3744 ettam.

159 3788 245 3841 Verba
255 3792 378 3854 utsupra
390 3785 513 3853 teporatur
524 3786 661 3838 constituit
669 3786 723 3837 ium
734 3784 922 3853 Gothosredus‚
935 3783 991 3836 na‘se'
999 3783 1071 3851 qreod
1078 3791 1112 3834 ito
1124 3798 1211 3835 vocuo
1223 3780 1337 3833 inseruit

154 3876 260 3929 demum
275 3872 421 3939 Heindorf,
440 3871 529 3927 ZGR.
541 3875 717 3938 §tm-440.
747 3872 831 3940 [Meti
847 3880 881 3923 ito
893 3870 998 3924 videtur
1009 3870 1107 3923 rectius
1117 3868 1211 3921 obesse.
1231 3875 1277 3918 Tu.
1290 3865 1334 3935 tt]

228 3971 252 4015 2.
280 3961 353 4014 Feet.
375 3959 421 4026 (F.
440 3963 514 4028 310):
533 3968 631 4013 struere
652 3968 745 4027 antiqui
764 3965 876 4012 dIcebnut
896 3979 938 4027 pro
951 3965 1054 4018 adicere,
1074 3976 1176 4019 augere3
1197 3982 1230 3994 -
1242 3966 1269 4006 at
1283 3952 1337 4021 [aut
1384 4004 1388 4011 ,

156 4050 223 4118 cod]
244 4057 269 4102 in
288 4054 338 4101 XII
358 4054 423 4114 quod
443 4059 494 4098 est:
515 4052 542 4098 ‘si
560 4056 664 4099 calvitur
683 4075 714 4085 -·
730 4053 817 4109 iaoIto’‚
837 4053 878 4098 alii
897 4055 984 4112 putant
1003 4049 1137 4109 algnitiesre
1156 4052 1273 4093 retrorsus
1291 4047 1335 4102 ire,

157 4147 190 4191 ali
210 4147 236 4191 tu
255 4145 328 4189 allam
348 4146 450 4202 partem,
470 4143 512 4187 alii
530 4142 613 4199 fugere
632 4135 696 4202 [fure
716 4132 792 4202 codd,
812 4141 846 4185 ali
865 4140 967 4196 gradum
985 4149 1082 4193 sugero,
1101 4134 1135 4179 ali
1153 4135 1260 4180 minuere
1280 4126 1334 4194 [ex-

159 4224 279 4278 adeant
298 4224 365 4276 talia
379 4222 456 4291 sm:
474 4229 516 4274 sed
535 4230 608 4274 struit
626 4230 646 4273 is
659 4229 700 4288 qui
713 4219 829 4287 moratur]
851 4241 879 4272 eo
896 4226 937 4270 vix
957 4224 1041 4284 pedem
1058 4223 1113 4282 pedi
1125 4223 1239 4283 praefert,
1259 4220 1335 4266 otlosa

160 4321 187 4375 it,
205 4324 347 4365 remoratur.
384 4310 457 4365 Fest.
479 4310 568 4378 (210).·
593 4317 690 4362 ‘Pedem
715 4315 795 4362 struit'
819 4316 843 4361 iu
862 4314 912 4359 XII
931 4311 1052 4370 signifieat
1073 4306 1160 4367 tagit,
1184 4312 1212 4353 ut
1230 4308 1266 4353 ait
1284 4306 1335 4352 Ser.

162 4408 281 4469 Sulpicius.
302 4430 335 4439 -
364 4400 437 4453 Non.
457 4398 495 4466 (4)
523 4406 631 4449 solvitur·
649 4405 738 4448 dietum
758 4409 795 4447 eat
814 4403 951 4456 frustretur,
975 4403 1081 4444 tractum
1101 4411 1116 4441 a
1134 4397 1208 4441 calvis
1227 4395 1335 4448 mimicIs,

203 4513 292 4570 Beuus,
311 4512 401 4558 Fontes
421 4512 487 4557 iuris.
516 4511 560 4555 Ed.
579 4508 622 4554 v1.
1105 4476 1122 4528 2
