2992 5040
632 314 718 384 Leges
740 314 791 368 Vll
810 313 981 369 tabularum.

311 489 341 554 3.
391 489 454 556 (Ji-c.
489 490 545 575 (ud
570 493 635 556 Ate.
664 490 776 574 6‚1,8):
810 489 978 574 liquibus
1010 490 1115 573 (libris
1138 491 1176 556 de
1199 495 1278 577 rep.)
1306 516 1406 559 uirum

223 591 380 675 ἱστορικὸν
403 595 539 678 requiris
569 596 606 659 de
630 594 686 660 Cn.
707 593 821 660 Flavio
844 593 930 659 Anni
954 596 976 658 l.
1022 595 1081 659 Ille
1104 618 1178 661 vero
1201 602 1275 663 ante
1290 598 1408 664 Xuiros

223 720 287 762 non
312 697 385 764 fuit.
409 736 452 744 —
477 698 560 774 Quid
591 721 670 784 crgo
693 699 840 784 profecit,
864 698 946 783 quod
971 697 1107 782 protulit
1128 700 1253 766 fastos?
1291 701 1408 768 Occul-

223 806 325 866 tatam
356 808 475 887 putant
508 805 648 888 quodam
670 810 816 889 tempore
837 805 931 868 istam
954 804 1113 881 tabulam,
1143 811 1181 870 ut
1202 806 1269 872 dies
1292 809 1408 894 agendi

224 913 408 991 peterentur
430 932 449 973 a
472 911 592 994 paucis.

673 1083 851 1150 TABULA
877 1083 948 1151 Xll.

316 1226 344 1289 l.
393 1224 497 1289 Gaius
512 1226 640 1308 (4,28):
663 1224 748 1308 Lege
764 1229 872 1289 autem
887 1225 1069 1289 introducta
1084 1231 1132 1290 est
1148 1227 1290 1311 pignoris
1305 1228 1407 1311 rapio,

226 1330 323 1394 veluti
353 1330 423 1416 lege
456 1329 520 1394 XII
543 1331 610 1395 tab.
643 1330 793 1394 adversus
822 1352 909 1407 eum,
946 1331 1001 1414 qui
1032 1329 1170 1394 hostiam
1201 1331 1327 1396 emisset
1350 1354 1408 1397 nec

226 1434 362 1516 pretium
394 1435 556 1509 redderet;
586 1437 664 1499 item
686 1436 835 1500 adversus
858 1458 939 1508 eum,
970 1436 1223 1519 quimercedem
1247 1458 1311 1501 non
1334 1439 1407 1503 red·

226 1540 314 1603 deret
337 1562 396 1624 pro
419 1563 455 1605 eo
478 1541 630 1618 iumento,
655 1542 739 1625 quod
755 1541 826 1625 quis
848 1541 918 1605 ideo
934 1541 1077 1618 locasset,
1101 1547 1138 1604 ut
1152 1542 1226 1606 inde
1240 1544 1406 1626 pecuniam

226 1650 386 1728 acceptam
407 1647 442 1709 in
465 1647 589 1729 dapem,
612 1647 645 1710 id
669 1651 717 1710 est
740 1646 773 1710 in
797 1646 997 1724 sacrificium,
1030 1646 1234 1730 impenderet.

313 1749 342 1816 2.
368 1774 395 1814 a.
442 1748 474 1814 Sr
503 1775 610 1816 suavus
632 1775 751 1816 ruanuu
773 1773 859 1816 anxir
882 1775 1027 1816 uoxrluve
1051 1750 1174 1835 uo[x]1r.
1207 1789 1250 1798 —
1273 1752 1304 1816 b.
1330 1753 1405 1818 (lai.

228 1856 400 1941 (4,75.76):
425 1856 475 1920 Ex
490 1858 656 1922 maleficiis
669 1858 809 1922 filiorum
826 1856 965 1920 familias
982 1877 1207 1940 servorumque
1223 1893 1265 1902 -
1277 1855 1408 1920 noxales

228 1962 366 2026 actiones
390 1963 534 2045 proditae
563 1968 649 2037 sunt,
673 1964 720 2027 uti
744 1962 854 2027 liceret
876 1961 960 2045 patri
976 1962 1144 2026 dominove
1160 1966 1216 2026 aut
1230 1961 1296 2025 litis
1311 1964 1408 2027 aesti-

229 2066 399 2130 mationem
423 2067 554 2131 sufferre
585 2073 641 2131 attt
656 2088 758 2131 noxae
774 2067 886 2130 dedere
901 2104 953 2130 -.
988 2065 1188 2130 Constitutae
1203 2075 1278 2130 sunt
1293 2104 1334 2113 —
1351 2071 1409 2131 aiut

227 2211 276 2256 iam
295 2213 410 2272 peractls;
436 2212 523 2258 deinde
543 2214 649 2274 reliquos
668 2212 794 2258 Februarii
814 2213 903 2257 mensis
919 2212 981 2270 diss,
1006 2213 1047 2273 qui
1066 2218 1136 2258 erant
1157 2211 1185 2267 V,
1203 2218 1258 2273 pest
1276 2214 1407 2258 intercala-

228 2301 318 2345 tionem
343 2299 535 2359 subiungsbnnt.
575 2291 649 2345 Cella.
675 2292 711 2358 (tl.
731 2291 756 2345 d.
775 2298 832 2346 unt.
851 2294 943 2358 20,6):
970 2312 1024 2344 cum
1048 2300 1227 2345 intercalarium
1249 2312 1355 2344 mensem
1375 2301 1406 2344 22

228 2391 253 2431 st
274 2388 304 2432 23
333 2387 424 2432 dierum
450 2389 551 2433 alternis
578 2389 647 2432 annis
672 2388 729 2433 addi
753 2388 891 2448 placuisset.
911 2387 989 2431 —in
1008 2400 1089 2432 mense
1107 2388 1257 2447 potissimum
1276 2386 1408 2432 Februario

227 2477 291 2521 iuter
308 2475 456 2520 Terminalia
483 2479 508 2520 et
526 2475 681 2532 Regifugium
706 2476 877 2520 intercalatum
898 2481 943 2518 est.
984 2464 1075 2519 Celeus
1093 2465 1145 2534 clip.
1166 2464 1215 2531 (D.
1234 2468 1408 2532 50,16,98,1).·

229 2561 289 2606 Cato
313 2567 396 2622 putat,
422 2575 527 2608 mensem
557 2565 728 2608 intercalarem
752 2563 892 2607 addititiam
911 2575 979 2618 eese;
1008 2575 1137 2621 omnesque
1157 2563 1208 2606 eiua
1227 2562 1278 2606 dies
1297 2575 1340 2622 pro
1359 2575 1409 2606 mc·

229 2653 310 2694 mento
334 2651 446 2710 temporis
474 2649 592 2695 observat
619 2656 775 2711 extremoque
802 2649 849 2694 diei
869 2651 957 2694 mensis
978 2648 1102 2694 Februarii
1128 2647 1239 2693 attribuit
1259 2647 1284 2700 Q.
1305 2648 1407 2694 Mucius.

232 2729 271 2798 Of.
292 2728 349 2784 Mo.
369 2728 624 2784 Otrouol.18—4().
662 2730 717 2782 Hu.
736 2734 801 2782 reiut.
823 2729 899 2783 seua.
920 2731 1055 2792 rea-60.

298 2828 322 2871 3.
359 2817 406 2870 Ea
423 2819 472 2870 boc
483 2817 616 2871 Or'eerom'a
635 2819 692 2870 loco
704 2818 790 2884 effecit
804 2817 859 2869 Mo.
874 2817 984 2881 (Clarou.
996 2819 1106 2878 31,910;
1127 2814 1157 2869 0.
1169 2815 1192 2868 1.
1206 2815 1238 2867 L.
1252 2819 1326 2875 1361)
1339 2817 1409 2884 repre

232 2905 338 2958 Nestane
356 2905 475 2958 tabellum
488 2906 634 2973 suetorum,
653 2921 686 2958 ea*
700 2905 882 2973 penetralibus
898 2904 1055 2972 pontificum
1071 2904 1207 2971 prolatum
1229 2903 1295 2954 XII
1310 2904 1409 2956 tubulas

230 2995 356 3046 e'aaertum
374 3010 434 3047 esee.
460 2993 543 3062 ραωη
557 2995 712 3047 sententious
726 2999 830 3046 secutus
843 2991 904 3045 Seli.
918 2994 970 3057 (63.
975 2994 1034 3057 156)
1047 3006 1101 3044 lton
1114 2991 1246 3043 ductitaret
1257 2993 1408 3044 uriacensem

230 3080 284 3134 tub.
305 3080 352 3132 Xl
373 3080 457 3147 foetu
475 3082 592 3149 explere,
621 3087 701 3149 moret
727 3097 759 3132 eu
778 3080 895 3132 Iulianis
919 3081 1026 3133 restitui
1039 3085 1160 3147 possiunt.
1199 3078 1233 3130 ld
1249 3079 1321 3146 quaed
1338 3081 1409 3132 r'usto

230 3169 361 3222 nulnum
383 3169 480 3236 secrete
506 3169 573 3221 mr'lu'
589 3168 706 3232 cr'detur,
734 3167 967 3235 recensenturque
987 3168 1091 3220 rutinae
1111 3165 1409 3234 Xeu'riperseripaerr'ut

231 3262 302 3310 certa
320 3257 425 3309 ratione
443 3258 571 3309 constitui
587 3272 640 3308 aon
659 3258 750 3323 pressit.
789 3254 831 3322 Cf.
852 3256 908 3308 Hu.
930 3255 1006 3309 Stud.
1029 3259 1085 3307 279.
1123 3255 1307 3309 Neleilonriuue
1319 3255 1410 3321 suetos

233 3343 357 3397 Iulianos
377 3343 444 3395 XII
461 3344 559 3396 tabellis·
577 3344 694 3396 urbr'eere
707 3344 820 3411 pluerit.
843 3374 868 3381 -
901 3342 942 3410 Cf.
964 3342 1016 3397 Cic.
1045 3347 1082 3410 (p.
1104 3342 1297 3408 Μηι·.11,25).·
1324 3347 1409 3394 Posset

232 3439 274 3495 agi
293 3441 347 3494 lege
366 3453 448 3487 necue,
468 3440 540 3498 pauci
558 3440 678 3499 quondam
698 3439 819 3495 sciebant;
840 3441 916 3484 laetos
936 3441 998 3484 enim
1018 3441 1090 3496 vulgo
1108 3454 1154 3484 non
1167 3438 1301 3484 habebant.
1333 3439 1409 3482 Erant

231 3526 256 3568 in
276 3539 365 3581 magna
384 3527 493 3585 petentia
511 3528 552 3586 qui
570 3528 772 3579 consulebantur,
801 3541 816 3571 a
835 3526 923 3587 quibus
942 3527 1015 3571 etiarn
1034 3527 1085 3570 dies
1105 3531 1226 3587 tamquam
1246 3541 1261 3570 a
1280 3525 1409 3569 Chaldaeis

232 3610 385 3672 petebantur.
413 3613 528 3657 Inventus
549 3618 586 3658 est
605 3613 684 3659 scriba
702 3615 807 3674 quidam,
827 3615 868 3659 Cn.
883 3614 988 3666 Flavius,
1007 3614 1047 3673 qui
1060 3613 1179 3658 cornicum
1192 3615 1272 3658 oculos
1285 3613 1410 3656 confixerit

232 3705 258 3744 et
283 3700 382 3756 singulis
411 3700 495 3745 diebus
521 3701 654 3746 ediscendis
679 3701 755 3746 laetos
782 3704 870 3761 populo
895 3701 1051 3762 proposuerit.
1090 3691 1160 3744 Pliu
1182 3696 1219 3758 (u.
1237 3692 1262 3743 lt.
1281 3695 1409 3757 33‚1‚17):

234 3787 277 3832 Hic
294 3785 347 3838 (On.
367 3780 476 3849 Flavius)
508 3790 638 3848 publicatis
664 3789 749 3834 diebus
769 3791 839 3834 lastis
863 3803 923 3850 quos
946 3790 1047 3850 populus
1067 3802 1081 3832 a
1100 3787 1182 3848 paucis
1201 3788 1333 3847 principum
1352 3801 1410 3847 quc·

233 3875 293 3919 tidie
314 3875 414 3935 petebat
433 3875 479 3922 cel.
517 3869 578 3923 Istc.
600 3873 726 3936 (9,46,5):
753 3877 797 3922 On.
820 3877 917 3922 Flavius
936 3899 970 3907 —
990 3876 1059 3921 civile
1078 3876 1122 3929 ius,
1146 3875 1275 3933 repositum
1295 3874 1319 3917 in
1338 3886 1410 3933 peue-

233 3962 336 4008 tralibus
356 3963 501 4023 pontificum,
522 3967 646 4023 evulgavit
665 3966 788 4025 fastosque
808 3965 872 4009 circa
892 3964 968 4008 lerum
990 3964 1013 4006 in
1037 3961 1095 4006 albo
1117 3960 1248 4021 proposuit,
1265 3965 1300 4014 ut,
1314 3959 1409 4019 quaudo

233 4052 287 4108 lege
307 4051 347 4109 agl
366 4057 456 4111 possm,
477 4055 586 4098 sciretur.
623 4045 710 4098 Illum.
731 4048 792 4111 (sat.
815 4047 898 4110 1,15):
925 4052 1011 4095 Priscis
1030 4063 1087 4107 ergo
1106 4047 1259 4107 temporibus,
1280 4052 1410 4106 antequam

234 4139 292 4183 lasti
318 4151 334 4184 a
357 4139 399 4184 Cu.
422 4139 505 4185 Flavio
532 4140 613 4185 scriba
640 4141 721 4184 invitis
746 4140 857 4200 patribus
886 4139 909 4182 in
929 4138 1033 4183 omnium
1058 4137 1169 4181 nutilium
1188 4136 1345 4194 proderentur
1363 4131 1410 4178 tet.

239 4217 296 4272 Val.
316 4218 391 4273 Max.
410 4223 488 4286 2,5,2.
520 4219 604 4274 Diod.
623 4224 711 4287 20,36.

303 4315 360 4361 XII.
383 4318 404 4360 l.
442 4306 484 4376 Cf.
504 4307 577 4362 Fert.
596 4316 670 4377 Daps.
707 4307 745 4360 D.
764 4310 936 4373 50‚16‚238,a

306 4403 328 4446 2.
362 4393 422 4464 Ulp.
433 4395 469 4449 att
478 4395 518 4450 ed.
529 4394 578 4461 (Ι).
590 4398 710 4461 9,4,2,1):
729 4403 853 4447 Celsus-
866 4399 1027 4446 differentiam
1047 4399 1104 4443 iacit
1123 4399 1186 4442 inter
1198 4399 1276 4454 legem
1290 4397 1411 4457 Aquiliam
