2992 5040
155 308 218 373 114
389 323 390 326 ’
605 298 660 352 Lex
679 296 752 350 lulio
770 295 804 350 da
823 297 860 348 vi.

152 478 280 565 publico
303 478 377 542 dare
400 477 509 559 legare
534 473 632 549 volet,
664 474 714 537 ius
738 476 942 555 potestasque
962 473 1045 546 estc,
1076 469 1149 534 dum
1174 469 1221 532 ita
1244 468 1338 532 detur

152 582 323 668 legarunt
347 604 386 646 ue
408 582 513 645 minua
536 601 630 663 quam
656 580 780 662 partein
805 581 953 660 quartam
976 573 1164 639 hereditatis
1183 597 1220 638 eo
1237 578 1338 639 tasta-

153 691 260 752 mento
284 685 414 750 heredes
436 684 581 766 capiant,
614 682 686 758 eis¹‚
711 681 827 765 quibus
851 681 928 765 quid
951 681 998 743 ita
1021 679 1130 744 datum
1155 679 1339 764 legatumve

154 793 232 868 erit,
265 813 333 855 eam
365 788 531 872 pecuniam
554 786 622 850 sine
645 785 757 849 fraude
778 808 837 850 sua
860 805 972 869 capere
995 781 1089 847 liceto
1112 783 1204 866 isque
1234 781 1336 858 heres,

154 896 210 980 qni
239 918 309 960 eam
340 894 504 978 pecuniam
528 893 603 955 dare
625 890 746 954 iussus⁸
772 891 941 954 damnatus
963 887 1043 964 erit,
1076 909 1145 951 eam
1169 887 1338 970 pecuniam

155 1002 266 1066 debete
290 1001 373 1076 dare,
398 1020 493 1083 quam
517 998 685 1061 damnatus
708 995 783 1060 est⁴.

287 1176 338 1239 20.
375 1173 455 1236 Lex
479 1171 592 1235 lulia
622 1171 669 1235 de
693 1172 732 1234 vi
757 1170 935 1253 publica
958 1175 996 1232 et
1020 1171 1205 1252 privata.

231 1315 326 1368 Utrum
345 1312 469 1366 (rosana
486 1313 521 1366 sil
539 1328 575 1364 an
588 1312 709 1379 Aupuati
726 1327 782 1364 ¹non
800 1315 913 1364 constat.
942 1307 985 1375 Cf.
1005 1306 1131 1374 Rudorff,
1151 1307 1212 1362 Rc.
1224 1312 1291 1373 1,65,
1307 1338 1339 1348 -

159 1403 225 1456 Goll.
244 1405 302 1468 9,2;
321 1402 453 1454 centauria
473 1400 537 1467 lepis
555 1400 633 1452 etium
656 1397 691 1452 D.
704 1401 820 1464 22,s,3,5
837 1398 925 1451 reluta
943 1402 982 1449 cst
1000 1396 1174 1450 ecarlurraa·
1191 1397 1207 1448 l.
1221 1396 1253 1448 de
1265 1413 1339 1465 coya.

238 1521 403 1599 (Ulpicucs
424 1523 443 1578 l.
473 1520 576 1577 VIIII
603 1520 638 1576 de
659 1520 760 1590 ospicio
776 1537 915 1592 procons.
946 1522 1000 1578 sut
1022 1521 1105 1577 tincto
1127 1520 1168 1577 ud
1189 1521 1206 1575 l.
1228 1520 1338 1577 Iuliam

158 1621 194 1677 dc
215 1621 243 1676 ur?
259 1617 382 1690 publ-icc
409 1622 436 1674 cl
452 1618 590 1688 privata:
627 1613 737 1674 Eadem
767 1615 832 1692 lege
853 1614 1032 1691 quibasdam
1054 1614 1257 1674 testimonium
1279 1631 1340 1672 om·

157 1716 240 1782 uino,
265 1710 444 1786 quibusdam
466 1709 655 1769 interdicitur
675 1710 787 1771 invitia.
808 1730 831 1771 c.
855 1710 1023 1769 LXXXVII
1043 1714 1074 1769 et
1094 1730 1118 1771 c.
1139 1709 1339 1784 LXXXVIII3

158 1810 188 1867 in
209 1809 280 1867 haec
300 1809 390 1866 verba
411 1807 455 1865 bis
475 1805 687 1881 hominibus:⁶)

165 1947 167 1951 -
247 1904 316 1968 Hoc
339 1905 409 1990 lege
432 1905 464 1968 in
488 1926 577 1969 reum
602 1904 821 1968 testimonium
846 1904 949 1969 dicere
973 1927 1011 1968 ne
1034 1903 1137 1983 liceto,
1166 1905 1221 1988 qui
1244 1926 1278 1969 se
1301 1907 1341 1969 ab

159 2034 195 2076 eo
227 2014 398 2093 parenteve
437 2009 521 2088 eius,
564 2009 719 2073 libertove
753 2010 842 2073 cuius
871 2032 980 2073 eorum
1012 2008 1160 2074 libertive
1188 2009 1342 2075 libertave

160 2117 379 2194 liberaverit⁶‚
410 2116 504 2200 quive
528 2116 672 2198 impubes
696 2116 766 2192 erit,
790 2116 884 2200 quive
907 2114 1036 2203 [iudicio
1060 2113 1186 2198 publico
1210 2114 1342 2178 damua-

159 2225 211 2284 tus
235 2220 296 2284 erit
324 2217 409 2306 qui⁷l
444 2242 554 2285 eorum
585 2221 618 2284 iu
643 2221 805 2306 integrum
834 2222 1002 2286 restitutus
1026 2242 1088 2285 non
1112 2225 1169 2297 est,
1192 2220 1287 2304 quive
1310 2221 1341 2283 in

160 2324 295 2390 vinculis
318 2325 505 2389 custodiave
528 2325 657 2408 publica
680 2325 751 2403 erit,
775 2327 869 2409 quive
892 2326 1095 2410 depugnandi
1118 2347 1213 2388 causa
1233 2331 1343 2389 aucto·

162 2434 252 2494 retus
276 2431 345 2506 erit,
370 2429 465 2514 quive
488 2430 528 2493 ad
552 2429 670 2494 bestias
694 2430 878 2515 depugnare
892 2453 926 2495 se
941 2429 1059 2495 locavit
1075 2429 1235 2506 locaverit,
1251 2452 1342 2514 prae·

160 2541 304 2619 terquam
329 2535 384 2619 qui
408 2532 568 2598 iaculandi
592 2555 688 2599 causo
711 2536 751 2599 ad
779 2535 889 2600 urbem
908 2539 1022 2601 missus
1039 2540 1087 2600 est
1102 2536 1174 2612 erit,
1198 2533 1340 2621 [quaeve]

163 2638 286 2724 palam⁸
310 2661 441 2722 corpore
466 2647 634 2724 quaestum
658 2638 758 2705 faciet
774 2641 933 2718 feceritve,
957 2641 1051 2726 quive
1067 2641 1107 2704 ob
1125 2640 1342 2705 testimonium

163 2744 329 2809 dicendum
354 2742 416 2831 [vel
439 2766 503 2810 uon
515 2743 725 2830 'dicendurnq
745 2745 912 2828 pecuniam
928 2746 1084 2828 accepisse
1099 2745 1256 2810 iudicatus
1273 2746 1343 2817 erit,

161 2871 239 2914 neve
262 2849 334 2934 quis
358 2872 466 2914 eorum
489 2848 549 2912 hac
571 2848 641 2936 lege
665 2849 696 2912 in
723 2872 810 2913 reum
835 2849 1054 2913 testimouium
1078 2848 1189 2913 dicatl.

244 2951 358 3030 lOapite
379 2952 557 3030 octogesimo
578 2953 702 3027 septimo
722 2952 821 3030 his210)

252 3047 351 3113 Inviti
380 3050 526 3114 iuream
555 3049 772 3113 testimonium
806 3070 846 3113 na
869 3050 1010 3122 dicunto,
1046 3051 1100 3134 qui
1123 3050 1272 3114 sobrinus
1296 3054 1344 3113 est

164 3155 193 3218 ei
216 3175 269 3219 rec
293 3154 479 3238 propioreve
507 3155 697 3240 cognatione
728 3153 925 3232 coniunctus,
949 3157 1044 3239 quive
1066 3177 1153 3218 socer
1176 3176 1274 3238 gener
1298 3156 1344 3217 vi-

164 3261 262 3322 tricus
286 3256 526 3342 privignusve¹¹
550 3259 617 3322 eius
641 3257 712 3321 erit.

351 3433 401 3495 21.
438 3429 520 3494 Lex
547 3429 662 3495 lulia
691 3433 736 3497 de
764 3433 997 3497 adulteriis
1028 3459 1054 3500 a.
1082 3434 1155 3500 736.

245 3573 276 3629 E
303 3572 409 3644 cap]
438 3572 604 3647 (Ulpianus
635 3575 653 3630 I.
676 3575 698 3631 J
721 3575 756 3631 de
781 3574 980 3632 artrelleriis¹²s
1004 3571 1082 3630 Haec
1104 3570 1192 3631 verba
1213 3572 1317 3652 lagia:)

253 3753 280 3820 1)
300 3753 405 3808 Caico:
424 3753 507 3807 detur
525 3753 647 3824 legatum
674 3755 715 3810 itu
734 3757 816 3811 detur
834 3757 961 3826 legatum
981 3757 1048 3810 delet
1067 3756 1247 3814 Grcdemcits.
1266 3789 1301 3799 -
1320 3760 1346 3827 2)

164 3839 257 3909 eisque
270 3839 327 3893 Mo.
349 3871 380 3879 -
400 3842 428 3908 3)
442 3839 592 3895 Delendam
605 3858 659 3896 csse
671 3843 741 3897 tanc
751 3861 838 3897 vocem
852 3844 908 3899 Mo.
921 3851 1014 3898 arud.
1032 3874 1065 3884 -
1079 3845 1105 3911 4)
1119 3846 1177 3899 Aut
1195 3862 1246 3899 arr.
1260 3863 1346 3916 quam

169 3926 238 3981 dare
249 3925 276 3980 d.
289 3943 312 3981 a.
331 3934 380 3982 aut
398 3928 462 3982 tax
480 3935 608 3996 quattuor
625 3929 705 3983 certa
722 3930 842 3986 etelenda
860 3960 893 3972 ·-
913 3933 941 3999 5)
959 3931 988 3984 io
1007 3930 1077 3984 baec
1089 3931 1176 3987 verbu
1194 3931 1238 3986 his
1257 3935 1349 3990 verbis

170 4013 331 4070 bominibus
355 4015 447 4082 codd.‚·
473 4017 504 4069 in
523 4017 574 4072 boc
592 4032 658 4072 vero
682 4016 724 4072 his
744 4017 879 4072 varbishis
897 4017 1056 4074 hominibus
1080 4018 1201 4088 Rudorff
1215 4021 1281 4075 atter
1297 4023 1348 4077 dovr

170 4102 216 4154 zib.
235 4102 266 4157 de
284 4103 330 4171 off.
345 4119 420 4172 prce.
437 4107 532 4172 p.314.
551 4134 585 4144 -
604 4105 631 4174 6)
652 4104 783 4160 libertina
800 4105 939 4161 libertaua
951 4105 1124 4175 liberaverit]
1146 4106 1210 4170 Μο.,
1231 4107 1349 4164 libertus

167 4188 332 4244 liberauerit
349 4191 423 4244 codd.
446 4222 475 4230 -
496 4191 523 4259 l)
542 4191 571 4245 Ε
588 4190 651 4260 no.
671 4195 721 4248 ins.
734 4220 769 4233 ·
785 4193 815 4264 8)
833 4210 940 4265 quasve
957 4195 1054 4265 palam
1073 4192 1119 4261 D„
1139 4195 1271 4264 palamve
1282 4197 1348 4252 Uolt

165 4306 199 4316 —
217 4278 246 4347 a)
266 4293 317 4332 nac
328 4277 425 4332 volans
444 4297 470 4347 q.
484 4294 505 4333 a.
520 4279 547 4333 h.
561 4279 580 4335 l.
594 4279 622 4333 io
636 4297 657 4336 r.
671 4285 691 4334 t.
704 4281 774 4336 dicit
792 4311 822 4322 -
846 4284 890 4348 10)
911 4281 1036 4338 homines
1054 4284 1103 4336 ios.
1114 4283 1185 4349 labri,
1205 4284 1273 4338 delet
1291 4286 1348 4339 Mo.

166 4394 201 4407 —
222 4364 266 4432 11)
284 4362 486 4434 privignaeque
505 4365 579 4418 codd.
605 4395 640 4405 —
666 4367 709 4437 12)
728 4367 765 4423 D.
783 4372 952 4438 48‚5,13(12).
992 4370 1033 4438 Os.
1055 4370 1132 4423 Paul.
1152 4373 1181 4423 in
1202 4370 1269 4426 corr.
1288 4376 1350 4439 4‚2.·
