2992 5040
203 299 243 362 12
687 296 773 366 Leges
791 297 895 366 regiae.

198 474 310 539 nuario
327 475 413 540 dedit
427 512 479 538 -.
514 474 679 540 Ianuarius
696 475 806 560 igitur,
832 475 962 559 Aprilis,
988 472 1107 551 Iunius,
1132 470 1273 550 Sextilia,
1299 469 1377 554 Sep·

199 579 331 658 tomber,
354 577 545 657 November,
570 578 750 657 December,
774 577 933 643 XXVIIII
958 577 1168 644 censebantur
1186 577 1311 652 diebus;
1337 611 1377 624 -

199 682 335 748 Martius
358 706 445 760 vero,
477 683 590 760 Maius,
619 682 788 759 Quinctilis
812 688 844 748 et
867 682 1006 748 October
1028 683 1093 747 dies
1119 680 1211 747 XXX
1233 682 1378 769 singulos

199 787 412 871 possidebant,
436 786 629 853 Februarius
652 786 798 852 XXVIII
820 787 955 853 retinuit
978 787 1070 853 dies.¹

288 894 338 958 19.
376 893 487 958 Livius
511 892 660 979 (1,1e‚7):
692 892 826 978 (Numa)
850 893 990 958 nefastos
1015 893 1080 957 dies
1102 892 1268 976 fastosque
1292 891 1378 971 iecit,

200 998 275 1082 quie
299 998 469 1082 aliquando
491 999 573 1062 nihil
596 1021 668 1063 cum
691 999 809 1083 populo
833 1000 886 1085 agi
911 999 989 1063 utile
1013 999 1159 1064 futurum
1181 1002 1259 1064 erat.

528 1153 586 1221 III.
622 1154 788 1223 TULLUS
812 1154 1050 1223 HOSTILIUS.

289 1279 316 1344 I.
344 1275 448 1342 Cicero
466 1277 515 1363 (de
526 1300 591 1360 rep.
604 1277 766 1364 2‚17‚31):
793 1276 931 1362 (Tullus)
949 1279 1116 1343 constituit
1132 1280 1190 1357 ius,
1215 1280 1279 1363 quo
1295 1277 1379 1343 bella

199 1380 423 1461 indicerentur,
453 1383 601 1466 quod-
625 1383 733 1446 saant
760 1381 861 1447 fetiali
885 1383 1050 1468 religione,
1075 1388 1111 1447 ut
1134 1405 1226 1448 omne
1247 1381 1380 1462 bellum,

199 1488 283 1571 quod
307 1487 529 1552 denuntiatum
552 1488 770 1572 indictumque
793 1509 855 1551 non
880 1493 971 1568 esset,
1004 1488 1037 1552 id
1060 1488 1213 1552 iniustum
1237 1509 1305 1552 esse
1329 1492 1379 1552 at·

200 1613 261 1676 que
283 1591 415 1675 impium
440 1592 641 1656 iudicaretur.

287 1699 316 1762 2.
352 1697 464 1760 Liuias
487 1695 672 1781 (1,26,5.6):
702 1697 770 1762 Rex
794 1696 932 1781 (Tullus)
956 1733 997 1743 -
1017 1696 1240 1774 ‘Duumviros’,
1264 1696 1381 1781 inquit,

200 1801 266 1885 ‘qui
298 1801 433 1866 Horatio
466 1802 712 1885 perduellionem
749 1803 905 1880 iudicent,
938 1803 1107 1866 secundum
1143 1802 1245 1886 Iegem
1277 1799 1382 1866 facio'·

199 1905 262 1969 Lex
285 1905 435 1970 horrendi
458 1904 606 1969 carminis
629 1911 717 1970 erat:
751 1905 929 1970 ‘Duumviri
953 1906 1199 1990 perduellionem
1223 1906 1380 1970 iudicent:

199 2008 227 2073 si
250 2032 268 2072 a
292 2010 466 2075 duumviris
489 2011 681 2094 provocarit,
705 2011 931 2094 provocatione
954 2015 1091 2075 certato:
1115 2011 1141 2074 si
1165 2011 1303 2088 vincent,
1327 2032 1381 2074 ca·

198 2120 258 2198 put
280 2116 451 2194 obnubit0,
483 2115 602 2180 infelici
638 2116 744 2180 arbori
775 2120 857 2180 reste
886 2113 1109 2200 suspendito,²
1141 2114 1307 2180 verberato
1331 2114 1381 2179 vel

199 2221 285 2284 intre
308 2222 482 2305 pomerium
506 2222 555 2286 vel
579 2226 669 2286 extra
689 2218 905 2304 pomerium'.³

287 2327 316 2390 3.
341 2324 438 2389 Dion.
458 2325 580 2410 (3,22):
599 2326 610 2360 ⁴
636 2326 700 2388 ἔστι
724 2325 828 2388 δὲκαὶ
852 2325 945 2409 νόμος
961 2363 1004 2372 -
1021 2324 1059 2388 δι’
1074 2326 1176 2389 ἐκεῖνο
1194 2327 1269 2407 (τῶν
1285 2324 1380 2408 Ὁρα-

199 2430 285 2514 τίων)
313 2431 471 2514 κυρωθεὶς
495 2432 530 2493 τὸ
547 2429 669 2511 πάθος,
695 2431 719 2512 ᾧ
736 2431 790 2492 καί
815 2431 856 2504 εἰς
874 2429 928 2513 ἐμὲ
945 2441 1090 2513 χρῶνται,
1110 2469 1149 2479 -
1166 2430 1317 2511 κελεύων,
1337 2432 1382 2505 οἷς

199 2536 237 2598 ἂν
266 2535 416 2617 γένωνται
445 2534 583 2618 τρίδυμοι
614 2534 742 2615 παῖδες,
777 2536 815 2598 ἐκ
846 2544 900 2598 τοῦ
925 2536 1075 2620 δημοσίου
1097 2539 1153 2611 τὰς
1176 2539 1294 2619 τροφὰς
1318 2544 1381 2599 τῶν

199 2640 318 2704 παίδων
341 2640 548 2724 χορηγεῖσθαι
570 2639 660 2723 μέχρι
685 2640 775 2725 ἥβης.

286 2748 315 2809 4.
340 2744 436 2808 Dion.
460 2745 601 2828 (3,30):⁶
624 2755 687 2820 τοῖς
709 2783 753 2792 -
775 2745 907 2828 ἑταίροις
930 2747 1025 2810 αὐτοῦ
1050 2749 1118 2828 (τοῦ
1142 2745 1288 2831 Μεττίου)
1318 2749 1374 2809 καί

272 2885 297 2950 l)
317 2884 389 2938 Ceus.
410 2885 435 2938 d.
454 2885 479 2939 d.
498 2891 555 2939 not.
572 2888 651 2951 20‚4.·
680 2884 779 2940 Postea
800 2884 858 2939 sive
876 2902 893 2938 a
912 2884 1021 2950 Numa,
1046 2886 1137 2940 nteit
1157 2885 1284 2949 Fulvius,
1311 2885 1378 2949 sive,

200 2972 231 3023 ut
255 2971 359 3034 Iunius,
384 2989 401 3024 a
418 2971 570 3041 Tarquinio
601 2974 632 3027 12
654 2972 722 3026 lacti
748 2976 816 3026 sunt
841 2989 947 3028 menses
970 2975 998 3027 et
1021 2973 1078 3028 dies
1102 2976 1161 3029 355.
1199 2972 1383 3039 Lio.1,19,6:

200 3056 316 3126 (Numa)
344 3059 381 3114 ad
410 3078 504 3116 cursus
530 3061 615 3116 lunae
638 3061 667 3114 in
689 3059 741 3113 XII
762 3077 870 3115 menses
899 3060 1032 3115 describit
1051 3076 1156 3114 aunum
1175 3090 1209 3099 —
1229 3058 1379 3115 intercale-

199 3144 247 3198 riis
266 3145 406 3200 mensibus
424 3147 643 3217 interponendis.
671 3179 703 3189 -
737 3148 987 3214 0eid.sost.1‚43:
1015 3149 1053 3201 At
1072 3147 1167 3202 Numa
1186 3177 1219 3188 -
1239 3146 1382 3202 mensibus

199 3232 321 3301 antiquis
350 3234 509 3303 praeposuit
537 3235 614 3290 duos.
651 3236 727 3289 Plut.
752 3234 845 3288 Numa
872 3237 961 3299 18,19;
988 3252 1032 3302 qu.
1051 3234 1128 3288 Rom.
1149 3239 1188 3288 19.
1237 3235 1279 3304 Cf.
1311 3235 1380 3304 Mo„

201 3319 298 3374 Obron.
316 3323 425 3373 18-47.
463 3320 867 3384 Hu.‚rr'›'m.Stud.1‚27-55.
894 3352 926 3361 -·
954 3324 984 3389 2)
1009 3323 1092 3377 Verbo
1111 3326 1196 3393 caput
1215 3354 1247 3364 —
1266 3341 1382 3394 suspeu-

197 3406 258 3461 dito
287 3406 377 3460 Cicero
405 3410 441 3475 (p,
462 3408 530 3463 Rue.
548 3413 618 3475 4,13)
647 3411 699 3478 legi
724 3410 868 3476 Tarquinii
894 3408 1009 3477 Superbi
1032 3411 1177 3464 attribuere
1204 3411 1316 3465 viderier.
1346 3443 1383 3452 —

199 3495 226 3563 8)
247 3493 288 3562 Cf.
302 3494 374 3548 Feet.
393 3499 467 3560 (297)
487 3495 628 3551 Sororium
651 3495 777 3564 tigillum
792 3513 838 3549 -r
860 3525 892 3536 -
910 3494 1012 3549 Horati
1030 3499 1059 3550 et
1069 3496 1177 3550 Curiati
1196 3498 1299 3567 (curati
1311 3499 1381 3568 cod.)

199 3597 262 3634 cum
285 3581 472 3644 dimicassent,
491 3614 524 3622 —
547 3582 680 3638 Horatius
705 3582 847 3636 interiecit
871 3599 934 3636 eam
959 3584 1024 3650 (scil.
1043 3585 1185 3652 sororem).
1224 3584 1261 3637 m
1279 3602 1380 3653 quam·

199 3686 285 3737 quam
304 3673 420 3738 epatre
440 3670 587 3726 absolutus
606 3670 715 3724 sceleris
735 3671 842 3734 (sceleri
861 3671 928 3740 cod.)
947 3674 1017 3735 erat,
1037 3675 1182 3726 accusatus
1203 3675 1299 3727 tamen
1315 3690 1382 3742 par·

199 3754 280 3810 ricidi
303 3755 377 3825 apud
390 3756 552 3813 duumviros
572 3759 781 3827 damnatusque
796 3757 959 3827 provocavit
971 3759 1007 3812 ad
1021 3759 1164 3828 populum,
1187 3758 1264 3814 cuius
1276 3759 1381 3817 iudicio

199 3842 288 3897 victor
307 3842 361 3897 duo
380 3843 476 3912 tigilla
495 3845 579 3900 tertio
599 3846 761 3916 superiecto,
786 3846 912 3900 -velut
930 3846 981 3900 sub
1000 3846 1096 3915 iugum
1116 3847 1223 3909 missus,
1242 3846 1327 3912 subit,
1345 3878 1382 3888 -

200 3928 336 3984 liberatus
354 3931 429 3985 omni
449 3931 534 3986 noxio
553 3932 662 3987 sceleris
682 3936 724 3987 est
743 3940 790 3987 cet.
829 3933 870 4001 Cf.
884 3933 1071 4001 Liv.1,26,13:
1089 3932 1280 4003 piacularibus
1297 3935 1384 3989 sucri-

199 4015 267 4071 ficiis
286 4017 381 4081 sactis,
409 4036 481 4087 quae
510 4018 610 4074 deinde
633 4021 712 4088 genti
735 4020 868 4075 HoratIee
887 4020 996 4075 tradita
1014 4024 1089 4074 sunt.
1126 4021 1180 4076 Cic.
1196 4038 1252 4090 rep.
1269 4024 1383 4089 2,3l,54.

199 4134 234 4143 -
251 4107 278 4173 l)
298 4103 365 4174 (Lex
383 4104 444 4158 lata
463 4111 505 4159 est
524 4110 638 4177 propter
656 4108 738 4161 illurn
759 4124 868 4173 casum,
887 4107 995 4172 iubens,
1018 4109 1039 4162 si
1059 4108 1104 4163 cui
1122 4107 1268 4179 trigemini
1285 4124 1384 4166 nusce-

199 4193 296 4244 rentur
315 4191 372 4253 dlii,
392 4192 417 4246 ei
436 4192 470 4247 de
487 4193 602 4262 publico
619 4194 757 4249 alimenta
777 4193 814 4248 ad
833 4193 1014 4264 pubertatem
1033 4211 1119 4265 usque
1138 4194 1336 4266 suppeditari.)
1347 4226 1383 4238 -

197 4279 225 4342 5)
252 4279 342 4340 (sociis
366 4283 395 4334 et
419 4280 586 4348 prodItionis
613 4281 729 4337 consciis
754 4279 860 4335 iudicia
887 4296 935 4336 rex
953 4281 1100 4339 constituit
1125 4286 1155 4338 et
1173 4283 1314 4341 convictos
1338 4301 1382 4340 se·

197 4367 319 4421 cundum
339 4367 429 4437 legem
448 4367 482 4423 de
500 4368 687 4426 desertoribus
705 4374 735 4426 et
752 4367 943 4440 proditoribus
960 4368 1127 4427 interluetur
