2992 5040
198 325 219 388 2
736 320 842 375 Festus.

198 498 398 564 Abemito
428 496 593 580 significat
626 497 745 561 demito
775 496 824 559 rel
849 496 992 565 auferto:
1023 520 1126 561 emere
1148 498 1234 561 enim
1257 498 1382 582 antiqui

197 603 346 668 dicebant
368 623 427 685 pro
450 601 602 684 accipere.
650 601 687 664 P.
711 607 742 664 4.

197 709 449 793 Abgregare
470 743 524 781 -,
548 707 784 792 adgregare
808 744 858 783 -,
884 729 1116 792 segregare
1139 744 1190 773 -.
1237 708 1378 784 Quorum

199 813 367 877 verborum
402 812 552 895 frequens
583 834 658 874 usus
689 832 752 874 non
783 811 913 879 mirum.
944 813 970 875 si
1004 835 1041 876 ex
1065 812 1233 896 pecoribus
1256 813 1381 896 pendet,

197 941 269 983 eum
291 918 376 1001 apud
400 917 552 1000 antiquos
576 938 651 1000 opes
675 921 705 980 et
731 917 925 1000 patrimonia
949 939 987 981 ex
1010 917 1061 980 his
1078 918 1246 1000 praecipue
1261 919 1380 981 cousti-

197 1024 306 1099 terint,
331 1028 367 1085 ut
390 1021 495 1086 adbuc
518 1020 616 1085 etiam
640 1024 791 1105 pecunias
814 1028 847 1086 et
871 1023 996 1106 peculia
1018 1023 1180 1087 dicimns'.
1226 1022 1265 1086 P.
1281 1027 1336 1087 23.

199 1128 462 1210 Aborigines
492 1126 644 1209 appellati
676 1133 768 1202 sunt,
800 1128 884 1211 qnod
917 1131 1061 1191 errantes
1088 1126 1312 1191 convenerint²
1345 1128 1379 1191 in

197 1253 321 1316 agrurn,
346 1233 399 1315 qui
423 1253 508 1295 nunc
532 1236 580 1294 cst
604 1229 713 1314 populi
738 1231 891 1301 Romani:
923 1231 987 1294 fuit
1009 1233 1094 1295 enim
1117 1252 1196 1315 gens
1219 1233 1376 1316 antiquis·

196 1338 277 1402 sima
300 1335 422 1400 ltaliae.
469 1336 585 1400 P.1s.

200 1441 376 1505 Accensi
400 1440 597 1517 dicebantur,
620 1441 674 1524 qni
699 1441 731 1502 in
755 1439 860 1504 locum
884 1446 1084 1505 mortuorum
1109 1442 1246 1506 militum
1271 1441 1381 1506 subito

197 1546 467 1630 subrogabantur,
490 1546 566 1608 dieti
590 1546 646 1620 ita,
671 1545 747 1628 quia
770 1545 809 1608 ad
833 1567 962 1609 censum
986 1547 1216 1611 adiciebantur.
1263 1547 1303 1612 P.
1327 1553 1376 1613 18.

198 1653 329 1716 Actus
352 1651 446 1715 modo
470 1650 655 1734 significant
679 1688 719 1696 —
744 1653 806 1714 iter
830 1651 914 1716 inter
938 1652 1062 1716 vicinos
1085 1657 1241 1735 quattuor
1263 1653 1378 1735 pedum

197 1759 314 1821 latum:
340 1757 434 1819 modo
457 1757 488 1818 in
514 1757 707 1839 geometrica
730 1757 884 1820 minorem
910 1764 1035 1840 partem
1050 1758 1165 1843 iugeri,
1189 1758 1222 1821 id
1239 1763 1291 1821 est
1305 1779 1379 1823 cen·

196 1867 264 1926 tum
289 1861 406 1941 viginti
430 1862 556 1943 pedum.
597 1861 635 1923 P.
663 1867 711 1923 17.

196 1968 367 2032 Adlecti
394 1967 581 2030 dicebantur
613 1967 695 2048 apud
731 1965 905 2041 Romanoa,
940 1966 995 2048 qui
1019 1971 1150 2049 propter
1171 1967 1318 2051 inopiam
1340 1988 1378 2032 ex

196 2073 335 2157 equestri
359 2072 469 2135 ordine
492 2072 523 2134 in
548 2076 732 2134 senatorum
757 2077 833 2134 sunt
857 2092 989 2134 numero
1010 2071 1180 2156 adsumpti.
1219 2070 1305 2136 Nam
1323 2096 1377 2156 pa·

196 2185 260 2243 tres
283 2179 441 2253 dicuntur,
473 2177 527 2260 qui
551 2181 627 2239 suut
651 2182 706 2259 pat
709 2176 778 2239 rit-ii
801 2177 941 2259 generis;
975 2175 1158 2259 conscripti,
1189 2176 1247 2260 qui
1270 2178 1304 2241 in
1328 2198 1378 2242 se·

196 2282 291 2347 natu³
314 2287 390 2345 sunt
412 2303 496 2364 scrip
498 2285 539 2343 rs
498 2281 706 2343 ttatiadno
711 2280 852 2345 ..P
832 2310 856 2342 l.

197 2389 381 2451 Adorare
404 2387 486 2470 apud
511 2387 660 2470 antiquos
684 2385 889 2471 significabat
912 2407 1015 2469 agere.
1040 2386 1123 2449 unde
1139 2391 1172 2450 et
1187 2386 1289 2473 legati
1305 2411 1377 2452 ora·

195 2499 280 2557 tures
304 2492 462 2567 dicuutur,
487 2492 562 2574 quia
585 2490 737 2553 mandata
761 2489 870 2573 populi
895 2496 1005 2571 agunt.
1053 2489 1090 2552 P.
1116 2496 1166 2555 19.

198 2598 423 2680 Adpromis
436 2619 500 2659 sor
524 2600 581 2669 est,
607 2596 673 2712 qui,
698 2595 798 2678 quod⁴
824 2617 880 2658 suo
897 2595 1027 2659 nomine
1044 2596 1201 2678 promisit,
1219 2595 1303 2660 idem
1321 2619 1379 2680 pro

195 2704 296 2766 altero
321 2723 448 2785 quoque
473 2701 634 2782 promittit
620 2701 728 2763 t.P
755 2707 804 2763 15.

197 2807 422 2889 Adscripti
386 2806 599 2869 trdicebaut
585 2811 654 2881 tur,
688 2807 743 2889 qui
768 2807 798 2868 in
823 2806 963 2869 colonias
987 2806 1119 2869 uomina
1141 2805 1317 2883 dedissent,
1343 2814 1378 2869 ut

194 2916 299 2977 essent
322 2911 435 2974 coloni.
484 2910 520 2973 P.
547 2914 597 2972 14.

198 3017 399 3099 Adscript
410 3017 444 3079 io
455 3016 484 3077 ii
510 3015 608 3078 veluti
634 3015 764 3097 quidam
781 3015 910 3098 scriptil
934 3014 1134 3092 dicebantur,
1151 3015 1207 3099 qui
1223 3017 1376 3101 supplem.

194 3123 242 3186 dis
266 3122 444 3205 legionibus
462 3120 739 3190 adscribebantur;
764 3119 822 3182 hos
848 3125 879 3183 et
896 3142 1087 3183 accensos
1103 3120 1267 3199 dicebant,
1290 3123 1374 3205 quod

194 3229 233 3292 ad
257 3227 417 3312 legionum
442 3248 570 3289 censum
593 3230 697 3289 essent
720 3225 884 3308 adscripti3
920 3227 1050 3309 quidam
1080 3226 1265 3305 relatos,
1300 3227 1375 3312 quia

195 3334 300 3397 vestiti
326 3333 462 3394 inermes
486 3335 695 3414 sequerentur
718 3331 888 3392 exereitum
914 3336 977 3393 cell.
1026 3331 1062 3394 P.
1090 3335 1141 3393 14.

196 3437 413 3500 Adsiduus
437 3436 563 3512 dicitur,
588 3435 641 3518 qui
667 3435 699 3497 in
725 3456 761 3497 ea
786 3457 827 3507 re,
852 3456 947 3518 quarn
971 3434 1155 3518 frequenter
1178 3435 1259 3520 ugit,
1284 3438 1376 3522 quasi

194 3543 371 3606 consedisse
396 3541 558 3615 viduatum
591 3541 644 3604 alii
671 3542 833 3603 assiduum
857 3540 1058 3624 locupletem,
1083 3540 1176 3624 quasi
1198 3540 1377 3606 multorum

194 3648 322 3723 assium,
347 3647 411 3709 dict
399 3651 466 3708 turn
492 3652 560 3728 put
553 3650 663 3717 arunt,
635 3644 744 3708 talii
767 3667 850 3719 eruin,
874 3645 928 3727 qui
952 3650 1080 3727 sumptu
1106 3645 1238 3728 proprio
1254 3646 1380 3712 milita·

195 3753 259 3825 bat,
284 3753 323 3814 ab
348 3774 416 3815 asse
439 3751 561 3814 dando⁸
586 3755 676 3812 vocat
678 3772 732 3813 unr
756 3749 837 3811 crist
839 3748 1006 3811 imarunt⁷
1056 3749 1151 3814 Ru.

266 3891 291 3947 l)
312 3889 426 3944 ΙΙιιιΙι.
448 3895 608 3955 u.1u,.3,:11
629 3888 775 3942 Pecunia
768 3905 829 3956 ipsa
848 3903 865 3939 a
886 3904 983 3955 pecore
1003 3886 1219 3956 appellabatur,
1239 3892 1268 3943 et
1287 3889 1378 3944 etiarn

193 3995 267 4032 nunc
287 3976 315 4029 in
336 3978 441 4030 tubulis
461 3977 592 4031 censoriis
611 3992 715 4045 pascua
734 3975 832 4028 dicunt
820 3978 866 4027 tur
885 3975 996 4036 omnia,
1022 3993 1054 4030 ex
1074 3976 1175 4045 quibus
1194 3976 1319 4047 populus
1338 3995 1377 4031 re

192 4064 268 4118 ditus
287 4065 387 4125 habet,
411 4066 478 4133 quia
496 4064 544 4117 diu
564 4065 614 4118 hoc
633 4064 722 4118 solum
743 4062 865 4130 vectigal
886 4063 987 4117 fuerat.
1016 4093 1049 4103 -
1077 4062 1104 4132 2)
1123 4068 1323 4118 convenerunt
1344 4066 1379 4119 G.

196 4181 226 4190 -
240 4151 267 4220 3)
286 4155 398 4204 senatus
412 4152 443 4205 G.
464 4183 497 4190 -
515 4155 543 4220 l)
563 4151 645 4222 [Cure
663 4154 765 4204 imerus
782 4149 857 4218 quim
879 4152 1045 4218 adpromr'tttt
1060 4154 1144 4218 isqui
1154 4167 1204 4205 suo
1217 4153 1381 4207 nornineitu

190 4240 331 4305 promittit,
353 4245 382 4290 ut
401 4256 431 4290 eu
449 4257 552 4291 srunrnu
567 4256 619 4306 pro
639 4240 723 4291 altero
742 4255 844 4305 quoque
861 4241 1037 4305 prmnitlutur
1049 4255 1158 4306 erutaque
1171 4239 1260 4293 soluto
1277 4239 1383 4295 liberet.

193 4324 241 4378 'l'n.
263 4326 307 4391 Μ.)
328 4357 360 4364 -
380 4328 408 4379 5)
430 4328 481 4387 vel,
502 4326 544 4379 nti
557 4326 681 4394 quidum,
702 4325 866 4394 adscriptivi
895 4326 995 4392 lt'alcu,
1015 4327 1052 4378 oct
1073 4325 1238 4394 lucaque.
1255 4329 1327 4393 2653
1346 4336 1384 4397 cy.

201 4412 291 4473 Vu-rro,
311 4415 327 4466 l.
347 4414 364 4466 l.
385 4417 449 4474 7,(36,
474 4446 500 4453 -
523 4416 548 4480 6)
569 4412 721 4467 assedendo
745 4413 772 4466 Τ.
795 4443 824 4450 -
848 4414 874 4475 7)
895 4413 1082 4466 aestimarunt
1101 4413 1172 4466 turs.
