2992 5040
689 110 794 166 Festus.
1316 117 1336 179 5

155 287 432 354 Centenariae
454 312 549 354 cenae
571 289 761 353 dicebantur
783 289 817 351 in
841 312 920 373 quas
943 289 1014 372 lego
1038 287 1161 353 Licinia
1184 312 1246 354 uon
1264 292 1336 374 plus

154 392 309 456 centussi¹
333 399 461 478 praeter
484 399 569 458 terra
592 391 703 457 enatn¹
727 393 990 476 inpendebaturl,
1013 393 1044 457 id
1069 399 1118 458 est
1133 400 1260 459 centum
1285 419 1336 461 aa·

154 496 242 560 sibus
266 500 320 582 qui
345 503 437 562 erant
461 499 571 562 breves
594 498 718 561 nummi
741 519 779 560 ex
803 519 884 562 aere.
932 498 970 562 P.
994 501 1046 562 54.

155 601 497 666 Centumviralia
520 603 637 667 iudicia
661 626 679 666 a
702 604 910 693 centumviris
934 607 1011 667 sunt
1034 603 1128 668 dicta.
1163 604 1246 670 Nam
1264 629 1336 670 cum

156 710 262 770 essent
287 706 406 771 Romae
438 708 574 793 triginta
602 711 634 772 et
657 707 800 790 quinque
823 706 942 783 tribus,
972 710 1238 790 quaestuariae
1261 716 1338 775 sunt

156 812 269 888 dictae,
294 812 376 876 terni
401 834 439 875 ex
462 812 598 895 singulis
622 813 770 877 tribubus
795 816 870 876 sunt
890 812 980 876 electi
997 813 1264 891 adiudicandum,
1281 816 1337 900 qui

157 917 348 982 centumviri
374 917 525 1001 appellati
550 922 640 994 sunt;
666 923 698 981 et
721 917 796 981 licet
820 917 961 1000 quinque
984 917 1121 1001 amplius
1145 941 1240 1002 quam
1264 941 1337 983 cen-

156 1028 224 1086 tum
248 1021 380 1099 fuerint,
407 1029 524 1100 tamen,
549 1046 612 1107 quo
636 1023 763 1087 facilius
781 1023 1033 1099 nominarentur,
1055 1023 1247 1087 centumviri
1262 1028 1337 1088 suut

156 1128 241 1193 dicti.
291 1128 328 1191 Ρ.
352 1131 404 1190 54.

158 1233 369 1300 Centuria
399 1233 431 1295 in
466 1234 553 1317 agris
585 1232 748 1318 significat
771 1233 909 1296 ducenta
931 1232 1058 1318 iugera,
1090 1233 1122 1296 in
1147 1256 1181 1296 re
1204 1234 1337 1298 militari

159 1343 284 1402 centum
319 1338 471 1402 homines.
520 1339 559 1402 P.
584 1341 635 1401 53.
664 1374 704 1384 —
740 1336 994 1402 Centuriata
1023 1337 1153 1401 comitia
1182 1338 1259 1402 item
1283 1361 1336 1402 cu·

159 1443 241 1506 riata
270 1444 399 1507 comitia
428 1443 630 1519 dicebantur,
665 1441 741 1526 quia
764 1442 899 1524 populus
923 1439 1087 1506 Romanus
1111 1464 1167 1526 per
1189 1446 1337 1507 centenas

158 1553 279 1611 turmas
313 1547 432 1611 divisus
463 1553 542 1612 erat.
590 1548 627 1610 P.
651 1551 703 1610 54.
729 1582 768 1592 —
795 1545 1075 1611 Centuriatus
1098 1568 1192 1632 ager
1221 1547 1254 1610 in
1278 1549 1336 1612 du-

158 1652 249 1716 cena⁴
279 1653 391 1735 iugera
415 1652 577 1728 delinitus,
612 1653 688 1736 quia
712 1651 868 1715 Romulus
892 1652 1032 1714 centenis
1055 1653 1176 1715 civibus
1201 1651 1336 1716 ducena⁴

155 1757 268 1840 iugera
291 1756 415 1820 tribuit.
463 1757 500 1820 P.
526 1761 577 1820 53.

158 1860 338 1925 Classici
371 1865 468 1925 testes
496 1861 682 1925 dicebantur
712 1863 767 1946 qui
793 1861 958 1946 signandis
982 1863 1181 1926 testamentis
1204 1862 1336 1927 adbibe-

156 1966 283 2030 bantur.
332 1967 368 2031 P.
394 1969 445 2032 56.
1327 1961 1332 1970 ’

159 2071 371 2155 Cognitor
394 2076 456 2146 est,
485 2072 540 2155 qui
564 2072 653 2137 litem
678 2075 811 2138 alterius
834 2074 967 2157 suscipit
990 2097 1095 2137 coram
1120 2075 1160 2137 ab
1184 2096 1236 2150 eu,
1269 2075 1336 2137 cuib

158 2179 250 2240 datus
274 2180 336 2250 est;
360 2180 548 2258 procurator
571 2183 677 2242 autem
702 2179 844 2242 absentis
867 2178 994 2241 nomine
1017 2183 1105 2241 actor
1128 2179 1173 2240 lit.
1222 2178 1259 2242 P.
1283 2183 1336 2243 57.

158 2280 414 2345 comitiales
437 2281 503 2343 dies
528 2282 751 2364 appellabant,
785 2305 855 2346 cum
880 2283 913 2346 in
938 2284 1068 2347 comitio
1092 2283 1335 2357 conveniebant:

159 2386 212 2470 qui
236 2385 323 2449 locus
346 2407 365 2449 a
388 2386 538 2462 coeundo,
563 2387 595 2469 ip
619 2390 667 2449 est
682 2387 810 2450 insimul
829 2387 993 2464 veniendo,
1017 2391 1066 2450 est
1081 2387 1192 2451 dictus.
1229 2388 1266 2451 P.
1283 2392 1335 2452 38.

159 2490 448 2573 compascuus
483 2513 559 2577 ager
592 2492 721 2556 relictus
747 2492 785 2554 ad
811 2493 1001 2575 pascendum
1025 2492 1237 2556 communiter
1260 2494 1337 2556 vici-

159 2596 216 2659 nis.
265 2596 302 2660 P.
327 2600 380 2660 40.

161 2699 441 2783 Compraedes
464 2701 601 2764 eiusdem
626 2702 669 2764 rei
695 2701 812 2784 populo
837 2701 1031 2784 sponsoresl.
1082 2703 1118 2765 P.
1142 2706 1194 2765 39.

161 2803 492 2869 Conciliabulum
517 2805 614 2881 locus,
637 2805 694 2868 ubi
716 2803 766 2868 in’
790 2805 960 2869 concilium
983 2806 1181 2869 convenitur.
1226 2806 1259 2869 P.
1282 2811 1336 2871 38.

161 2907 387 2973 Concilium
420 2910 537 2973 dicitur
567 2909 717 2993 apopuli
743 2932 909 2974 consensu:
938 2912 1005 2975 sive
1028 2911 1198 2975 concilium
1221 2912 1338 2974 dicitur

161 3012 424 3091 aconoaland0⁸,
448 3015 480 3077 id
503 3020 551 3078 est
573 3015 724 3080 vocando.
773 3015 810 3078 Ρ.
834 3019 887 3078 38.

161 3117 392 3182 Condicere
416 3124 464 3182 est
488 3119 621 3182 dicendo
644 3119 840 3183 denuntiare.
889 3119 926 3182 P.
953 3125 1002 3183 64.

161 3221 241 3288 (lon
254 3223 406 3288 dictiol
429 3225 461 3287 in
486 3225 566 3287 diem
585 3230 706 3287 certum
725 3225 792 3288 eius
809 3224 863 3299 rei,
887 3246 968 3307 quae
985 3223 1104 3308 agitur,
1128 3224 1337 3288 denuntiatio.

161 3329 198 3393 Ρ.
224 3333 274 3393 66.

162 3434 415 3498 Condictum
441 3441 498 3511 est,
523 3437 607 3518 quod
630 3437 662 3499 in
687 3435 888 3499 commune¹⁰
912 3442 960 3498 est
983 3436 1112 3498 dictum.
1160 3435 1198 3500 P.
1223 3426 1275 3497 139.

162 3537 415 3622 Conscripti
443 3540 645 3614 dicebantur,
678 3539 731 3622 qui
756 3560 794 3602 ex
817 3539 956 3621 equestri
981 3539 1090 3602 ordina
1113 3539 1259 3620 patribus
1282 3536 1338 3600 ad·

162 3644 419 3722 scribebantur¹¹,
443 3649 480 3709 ut
502 3664 651 3708 numerus
675 3631 855 3707 senatorum
881 3643 1068 3725 expleretur.
1119 3643 1153 3705 P.
1178 3648 1227 3705 41.

251 3835 276 3902 l)
296 3837 417 3890 cautussi
437 3834 487 3892 Gl.
511 3832 686 3887 centussibus
706 3831 818 3885 wlff.
844 3861 877 3870 —
901 3831 927 3896 2)
947 3834 1040 3886 terrea
1060 3834 1129 3886 nuta
1149 3831 1282 3901 (natabus
1302 3831 1338 3898 G)

161 3923 230 3976 libri.
259 3950 295 3961 -
319 3923 348 3991 3)
366 3922 606 3990 impendebantur
625 3922 657 3974 G.
686 3950 716 3958 —
742 3920 771 3986 4)
790 3920 912 3974 ducenta
932 3919 970 3971 M.
992 3951 1023 3957 -
1050 3924 1077 3981 5)
1098 3920 1134 3973 ab
1152 3937 1184 3975 eo
1202 3922 1245 3974 cul
1266 3920 1338 3987 libri,

161 4026 192 4065 eo
209 4011 254 4064 cui
272 4012 344 4080 culp.
375 4011 477 4080 [malim
496 4026 527 4063 eo
547 4026 564 4061 a
582 4026 644 4076 quo.
681 4008 731 4063 Ta.
752 4008 799 4076 bl]
826 4038 852 4046 —
887 4007 914 4075 6)
933 4023 1063 4075 sponsore
1083 4007 1121 4059 M.
1143 4037 1175 4046 -
1197 4009 1222 4067 7)
1240 4007 1269 4060 iu
1289 4023 1338 4062 om.

164 4098 232 4151 libri.
260 4127 296 4137 -
324 4097 352 4167 8)
370 4096 539 4152 concalando
562 4096 590 4156 Τ,
615 4095 841 4150 conconcalando
861 4095 899 4146 Μ.
920 4125 954 4133 -
974 4096 1001 4162 9)
1021 4094 1145 4150 condicio
1164 4096 1197 4160 G,
1217 4093 1339 4148 conditio

165 4184 202 4240 ld.
220 4215 256 4226 —
276 4186 320 4252 10)
338 4185 478 4240 communi
498 4185 567 4237 libri.
589 4214 616 4222 -
642 4185 684 4250 11)
705 4182 902 4236 adscribantur
921 4181 960 4234 M.
