2992 5040
683 323 806 378 Servius.
1295 329 1333 394 81

155 503 238 585 apud
264 524 355 585 quern
382 501 501 584 aliquid
527 501 566 564 ad
583 506 711 585 tempus
735 503 914 586 seponitur:
940 503 1060 568 dictum
1077 541 1116 552 -
1136 504 1339 588 asequend0,

154 607 237 689 quod
263 607 330 669 eius
354 606 409 689 qui
434 606 553 669 electus
578 607 620 668 sit
645 611 782 690 utraque
805 628 879 690 pars
901 607 996 671 fidem
1021 610 1175 692 sequitur.

245 714 293 786 ll,
317 709 391 774 476.
439 725 473 777 (c.
491 733 519 783 p.
541 719 574 769 75
592 733 616 767 n.
638 721 674 776 1.)

245 816 294 891 11,
311 814 385 878 558.
404 816 477 879 591.
515 815 761 878 Auctoramenti
783 819 973 898 potestatem
999 818 1060 881 nisi
1077 823 1184 902 patres
1200 841 1265 882 non
1281 819 1340 882 ha·

155 923 240 985 bent.
266 959 306 966 -
333 922 367 982 ln
392 920 491 983 sacris
515 924 623 983 tamen
649 920 768 1004 legitur
790 941 883 1002 posse
907 922 1002 984 etiam
1019 944 1148 1005 operam
1163 924 1340 989 consecrari

155 1049 192 1090 ex
215 1025 330 1101 servis,
367 1045 467 1106 usque
492 1025 566 1087 dum
591 1026 736 1089 solvatur
758 1031 855 1108 caput
877 1025 1026 1104 hominis,
1059 1028 1090 1091 id
1115 1032 1164 1092 est
1187 1028 1341 1093 liberetur

154 1130 341 1196 sacrationis
366 1152 467 1204 nexu;
493 1131 577 1213 quod
602 1130 728 1195 lucilius
753 1133 883 1210 accidet,
907 1133 935 1196 si
958 1155 1044 1198 mors
1061 1133 1247 1199 intercedat.
1288 1134 1338 1212 Cf.

156 1259 179 1300 u.
204 1241 279 1300 830.

247 1342 295 1413 12,
319 1342 367 1407 13.
415 1341 628 1424 Concepta
653 1379 692 1387 —
719 1344 841 1405 verba
865 1344 1015 1406 dicuntur
1038 1343 1166 1407 iurandi
1189 1343 1339 1420 formula,

155 1469 249 1530 quam
275 1447 366 1509 nobis
391 1446 573 1529 transgredi
598 1446 769 1510 nonlicet.

245 1554 293 1627 12,
320 1552 391 1615 603.
439 1551 574 1615 Cautum
608 1550 716 1614 fuerat
747 1551 779 1613 in
812 1551 1051 1634 pontificalibus
1084 1552 1193 1627 libris,
1224 1552 1340 1636 utqui

154 1657 268 1740 laqueo
291 1657 390 1720 vitam
414 1656 536 1719 linisset
558 1656 739 1740 insepultus
764 1656 969 1720 obiceretur'.

247 1764 297 1839 12,
322 1763 395 1826 606.
443 1761 579 1826 Cautum
614 1763 683 1845 lege
706 1760 770 1824 Xll
795 1760 894 1836 tab),
927 1785 967 1825 ne
995 1761 1145 1826 mulieres
1173 1767 1340 1845 carperent

154 1866 279 1942 faciem,
302 1866 353 1929 his
377 1867 498 1930 verbis:
524 1865 642 1930 Mulier
666 1867 777 1930 l'aoienr
802 1889 842 1930 ne
865 1867 998 1951 carpito

244 1974 294 2051 12,
319 1974 391 2038 836,
440 1983 475 2042 (u.
495 1988 555 2033 luna
576 1980 594 2032 1
606 1999 636 2048 p.
656 1985 673 2034 3
691 1998 718 2033 n.
739 1986 790 2038 15.)

610 2148 637 2202 Β.
668 2147 694 2201 ln
714 2146 857 2214 senuna.

244 2276 272 2351 l,
297 2277 346 2337 31.
395 2271 485 2347 Quod
511 2307 551 2317 —
576 2272 622 2334 ait
639 2269 831 2354 (Vergilius)
857 2272 973 2348 ‘enrat’,
997 2271 1035 2334 ad
1060 2271 1229 2354 antiquum
1255 2293 1337 2354 nup-

155 2379 272 2442 tiarum
297 2378 436 2460 pertinet
459 2377 567 2452 ritum,
593 2397 656 2460 quo
680 2398 712 2439 se
737 2377 872 2440 maritus
895 2379 928 2440 et
951 2398 1031 2439 uxor
1053 2377 1189 2440 invicem
1216 2397 1338 2440 coeme-

156 2484 242 2557 bant,
267 2485 349 2545 sicut
373 2481 528 2545 habemus
552 2480 584 2543 in
609 2480 687 2544 iure.
733 2480 850 2544 Tribus
873 2480 958 2545 enim
983 2480 1084 2543 modis
1108 2480 1192 2563 apud
1217 2485 1338 2546 veteres

155 2588 285 2672 nuptiae
309 2587 448 2650 fiebant:
474 2606 542 2659 usu,
566 2584 593 2648 si
617 2621 659 2629 —-
677 2584 793 2649 mulier
810 2607 893 2651 anno
909 2607 973 2649 uuo
989 2607 1060 2649 curn
1076 2585 1156 2662 viro,
1182 2585 1255 2650 licet
1271 2587 1339 2651 sine

154 2695 290 2779 legibus,
315 2693 443 2767 fuisset;
468 2692 561 2769 farre,
587 2714 657 2754 curu
684 2713 738 2774 per
762 2691 945 2774 pontificem
968 2691 1144 2754 maximum
1168 2694 1201 2754 et
1211 2689 1339 2755 Dialem

154 2800 314 2863 flaminem
348 2821 403 2881 per
433 2797 544 2880 fruges
575 2802 607 2862 et
632 2798 748 2861 molam
778 2798 896 2860 salsam
927 2797 1221 2880 coniungebantur,
1255 2797 1338 2860 unde

154 2903 451 2968 confarreatio
475 2903 708 2986 appellabatur,
732 2925 770 2966 ex
787 2903 903 2984 quibus
927 2901 1050 2984 nuptiis
1067 2900 1197 2984 patrimi
1221 2904 1254 2964 et
1269 2923 1338 2964 rna-

155 3010 241 3074 trimi
258 3008 485 3083 nascebantur3
503 3007 701 3090 coemptione
720 3029 792 3071 vero
809 3011 905 3089 atque
920 3006 953 3068 in
971 3027 1100 3068 manum
1118 3006 1337 3083 conventione,

155 3138 224 3179 cunr
250 3116 305 3178 illa
329 3116 360 3177 in
386 3114 470 3177 filiae
494 3113 608 3183 locum,
633 3111 768 3175 maritus
791 3112 824 3174 in
845 3110 947 3194 patris
972 3108 1129 3184 veniebat,
1154 3115 1199 3186 ut,
1223 3109 1338 3194 siquis

155 3223 240 3304 prior
263 3220 378 3284 fuisset
401 3219 579 3294 ‹lefunctus,
603 3218 708 3281 locum
732 3215 919 3280 hereditatis
943 3215 1061 3277 iustum
1087 3213 1180 3277 alteri
1197 3213 1337 3290 faceret;

155 3331 187 3389 et
210 3364 251 3372 —
269 3325 522 3408 quandocunque
539 3323 570 3385 in
588 3345 717 3386 manum
735 3325 936 3398 convenerat,
958 3321 1066 3383 omnia
1082 3319 1239 3402 protinus,
1257 3340 1338 3403 quae

155 3432 222 3495 doti
247 3429 463 3505 dicebantur³,
487 3427 604 3492 marito
628 3427 833 3491 serviebant⁴.

245 3538 274 3612 1,
292 3536 364 3599 269.
402 3535 473 3598 ‘Fas
490 3539 522 3596 et
539 3536 609 3596 iura
625 3530 774 3616 sinunt'J,
800 3533 830 3595 id
851 3535 899 3595 est
916 3529 1024 3593 divina
1040 3530 1244 3612 humanaque
1267 3528 1338 3592 iura

156 3643 364 3725 permittunt;
389 3662 462 3703 nam
488 3640 525 3701 ad
552 3637 741 3720 religionem
766 3641 823 3713 las,
848 3636 887 3698 ad
910 3635 1055 3698 homines
1076 3634 1147 3697 iura
1165 3632 1336 3716 pertinent.

241 3752 271 3824 3,
296 3746 368 3810 387.
417 3756 450 3816 (u.
471 3759 532 3803 tour.
554 3751 570 3802 1
586 3768 612 3817 p.
632 3754 665 3801 10
685 3767 713 3800 n.
729 3753 765 3812 ὀ.)

625 3915 653 3971 t.
678 3916 704 3969 tn
725 3915 863 3970 Bucolica

243 4047 271 4120 l,
289 4046 339 4107 33.
387 4040 490 4105 Omne
515 4038 744 4122 patrimonium
769 4037 852 4119 apud
869 4037 1005 4099 maiores
1029 4035 1226 4118 peculium
1252 4033 1336 4097 dice·

155 4148 250 4212 batur
267 4146 474 4229 apecoribus,
492 4145 524 4207 in
543 4144 658 4227 quibus
676 4165 784 4206 eorum
803 4141 971 4204 constabat
987 4140 1135 4203 universa
1147 4139 1336 4203 substantia.

176 4261 181 4264 a
204 4256 271 4263 ..-

227 4308 251 4365 ll
274 4304 314 4368 b'f.
335 4310 395 4358 tcm.
413 4303 430 4354 1
446 4320 472 4370 p.
491 4306 542 4354 339
562 4318 586 4351 n.
606 4306 647 4354 35.
667 4330 700 4338 —
721 4299 748 4368 2)
770 4299 811 4367 Cf.
833 4305 893 4352 tom.
909 4298 926 4350 1
943 4316 968 4365 p.
985 4300 1019 4350 36
1038 4297 1093 4351 tab.
1109 4296 1146 4361 X,
1158 4301 1181 4351 l.
1202 4326 1235 4337 -
1253 4297 1284 4364 3)
1301 4296 1337 4352 ul.

152 4392 303 4448 dabantur.
327 4419 355 4427 -
376 4392 401 4454 l)
421 4390 455 4440 ul.
476 4387 575 4441 mariti
595 4392 686 4440 erant.

188 4507 289 4558 liunus,
315 4505 402 4548 Fontes
421 4503 488 4547 luris.
528 4504 586 4547 Pars
608 4501 641 4546 11.
679 4501 723 4546 Ed.
742 4499 787 4546 Vl.
1110 4492 1126 4542 6
