2992 5040
211 297 232 362 2
698 293 782 363 Leges
800 293 902 364 regiae.

211 475 399 559 praecipuus
423 471 551 538 Servius
574 471 700 536 'Pullius
723 475 850 535 sanctor
871 469 981 555 legum
1004 469 1077 549 fuit,
1102 473 1173 556 quis
1190 477 1286 538 etiam
1302 495 1392 559 reges

213 579 479 663 obtemperarent.
525 578 555 642 3.
583 576 687 642 Oiccro
710 576 938 658 (Tusc.4,1,1):
962 598 1034 640 cum
1057 578 1196 661 aprimo
1214 578 1301 642 urbis
1319 588 1392 642 ortu

213 683 309 769 regiis
332 684 498 762 institutis,
522 681 638 767 partim
655 681 753 746 etiam
768 681 903 765 legibus,
920 681 1071 764 auspicia,
1095 683 1316 759 caerimoniae,
1340 705 1395 747 co·

213 789 316 868 mitia,
333 789 582 874 provocationes,
650 791 780 851 totores
793 785 943 850 militaris
956 786 1109 850 divinitus
1122 792 1205 852 esset
1218 788 1395 852 constituta

214 899 265 959 cet.
312 895 341 957 4.
373 893 551 976 Dionysius
574 891 725 975 (2‚24):¹
751 891 871 963 ἐκεῖνος
894 889 926 972 (ὁ
949 887 1115 974 Ρωμίιλος)
1138 891 1253 974 νόμους
1277 891 1397 966 καλοὺς

215 1037 256 1045 -
280 999 442 1081 ἀγράφους
468 1000 523 1082 μὲν
549 1000 621 1071 τοὺς
644 995 819 1076 πλείστους,
844 997 910 1058 ἐστι
925 993 953 1058 δ’
968 996 1021 1069 οὓς
1037 997 1092 1058 καί
1108 995 1140 1058 ἐν
1155 995 1317 1079 γράμμασι
1333 1018 1398 1060 κει-

217 1101 337 1186 μένους,
369 1103 648 1188 καταστησάμενος
673 1101 743 1166 κτλ.
791 1105 821 1166 5.
845 1100 944 1166 Dion.
969 1098 1113 1184 (2‚27).·²
1136 1109 1245 1163 τοῦτον
1268 1103 1322 1165 τδν
1344 1102 1397 1164 νί-

216 1227 273 1289 μον
297 1207 349 1288 (dc
371 1207 438 1273 filio
462 1207 638 1289 vendendo)
667 1244 710 1254 -
730 1205 759 1268 οἱ
782 1204 921 1291 βασιλεῖς
944 1203 1117 1287 ἐφύλαττον
1141 1207 1202 1267 εἶτε
1217 1205 1397 1290 γεγραμμέ-

215 1331 268 1374 νον
299 1313 361 1375 εἶτε
392 1315 551 1395 ἄγραφον,
583 1313 619 1375 οὐ
647 1314 709 1394 γὰρ
733 1312 798 1394 ὲχιο
832 1311 868 1372 rb
892 1311 989 1392 σαφὲς
1012 1309 1107 1372 εἰπεῖν
1130 1309 1199 1374 κτλ.
1246 1310 1275 1375 6.
1300 1312 1398 1376 Πίου.

218 1417 434 1499 (2,73,-4):³
459 1420 497 1479 τὰ
514 1419 629 1501 μὲν-
641 1418 711 1499 περί
727 1418 762 1479 τὸ
778 1416 866 1479 θεῖον
882 1414 1138 1498 νομοθετηθέντα
1154 1415 1215 1479 ὑπὸ
1229 1426 1282 1479 τοῦ
1295 1415 1398 1499 Νομᾶ,

216 1557 258 1568 -
282 1524 322 1583 τὰ
346 1523 401 1603 μὲν
425 1522 595 1604 ἐγγράφοις
618 1519 854 1605 περιληφθέντα
877 1520 991 1604 νόμοις,
1017 1522 1055 1582 τὰ
1079 1517 1106 1582 δ’
1121 1519 1181 1597 ἔξω
1204 1531 1329 1604 γραφῆς
1354 1522 1397 1596 εἰς

217 1626 427 1709 ἐπιτηδεύσεις
459 1625 602 1710 ἀχθέντα
635 1626 688 1688 καί
721 1627 929 1708 συνασκήσεις
962 1624 1106 1708 χρονίους
1129 1625 1198 1690 κτλ.
1245 1627 1275 1690 7.
1299 1625 1397 1690 Diuo.

216 1733 352 1814 (3‚36).·⁴
376 1731 561 1816 χαλκαῖ-
584 1733 671 1794 οὔπω
699 1729 812 1814 στῆλαι
835 1732 905 1793 τότε
920 1732 1011 1813 ησαν,
1036 1727 1106 1791 ἀλλ’
1123 1729 1155 1792 ἐν
1171 1729 1307 1811 δρυΐναις
1323 1731 1399 1812 ἐχα-

219 1836 368 1915 ράττοντο
403 1837 519 1900 σανίσιν
550 1839 582 1900 σί
609 1858 644 1899 τε
666 1836 755 1920 νέμοι
784 1837 840 1899 καί
867 1836 991 1918 αἱπερὶ
1022 1845 1083 1899 τῶν
1108 1836 1197 1919 ἱερῶν
1219 1835 1398 1918 διαγραφαί.

218 1940 248 2004 8.
280 1941 379 2006 Dion.
404 1943 557 2027 (2,73).·ὕ
587 1942 812 2026 νομοθετοῦσιν
843 1941 886 2025 (σί
908 1940 1100 2023 ποντίφικες)
1130 1942 1189 2003 ὅσα
1219 1951 1280 2005 τῶν
1309 1941 1399 2024 ἱερῶν

218 2048 347 2130 ἄγραφα
379 2051 453 2111 ὄντα
484 2050 538 2112 καί
569 2047 733 2128 ἀνέθιστα,
766 2046 924 2128 κρίνοντες
948 2046 969 2108 ἃ
992 2047 1029 2108 ἂν
1053 2045 1211 2129 ἐπιτήδεια
1234 2045 1399 2130 τυγχάνειν

219 2152 325 2226 αὐτοῖς
348 2152 459 2237 φανείη
482 2154 585 2235 νόμιον
611 2174 644 2214 τε
665 2153 720 2214 καί
736 2151 883 2233 ἐθισμῶν.
909 2150 939 2215 9.
964 2151 1077 2214 [sirius
1091 2151 1223 2234 (o‚1,2):
1246 2151 1399 2233 (litterae)

220 2254 317 2320 etiam
340 2257 368 2320 si
391 2257 528 2340 quaein
551 2254 792 2321 commentariis
816 2255 1001 2338 pontificum
1026 2253 1160 2339 aliisque
1183 2255 1317 2338 public'm
1333 2256 1399 2338 pri·

219 2360 363 2444 vatisque
394 2366 485 2426 erant
514 2360 748 2438 monumentis,
779 2360 908 2424 incensa
937 2359 970 2443 (a
993 2359 1106 2444 Gallis)
1131 2361 1209 2424 urbe
1231 2360 1400 2444 pleraeque

218 2464 376 2530 interiere.
393 2505 435 2512 —
452 2468 581 2547 (6,1,10)
599 2466 792 2551 (insequenti
811 2486 895 2529 anno
912 2464 1034 2528 tribuni
1051 2463 1203 2546 militnm)
1221 2464 1349 2529 foedera
1364 2487 1401 2529 ac

219 2568 315 2652 leger,
340 2575 431 2634 erant
454 2576 561 2635 autem
577 2594 631 2636 eae
647 2569 710 2634 XII
726 2568 855 2634 tabulae
872 2575 904 2634 et
920 2570 1075 2653 quaedam
1091 2570 1197 2655 regiae
1211 2571 1307 2655 leger,
1324 2592 1400 2634 con-

220 2673 304 2756 quiri
327 2697 408 2759 qnae
431 2698 494 2739 non
518 2680 736 2760 comparerent
757 2676 936 2752 iusserunt;
961 2675 1024 2739 alia
1040 2697 1078 2739 ex
1094 2676 1138 2738 eis
1154 2675 1240 2739 edita
1255 2676 1351 2739 etiem
1367 2677 1400 2738 in

220 2778 345 2864 vulger,
369 2803 450 2865 qnae
474 2785 580 2846 autem
603 2781 643 2845 ad
658 2803 748 2845 sacra
770 2780 976 2863 pertinebant
998 2779 1237 2863 apontificibus
1251 2780 1400 2859 maxime,

220 2888 257 2947 ut
279 2885 432 2972 religione
455 2887 625 2951 obstrictos
649 2885 807 2951 haberent
830 2885 1046 2950 multitudinis
1063 2884 1196 2962 animos,
1220 2906 1399 2968 suppressa.

308 2987 374 3054 Ius
407 2991 700 3076 Papirianum.
751 2992 800 3055 10.
837 2990 990 3072 Ρονηοου.
1021 2989 1135 3053 enchir.
1167 2987 1400 3071 (D.1‚2,2,2):

221 3114 329 3157 omnes
353 3095 453 3180 (leges
476 3096 595 3181 regiae)
619 3095 820 3180 conscriptae
844 3100 971 3161 exstant
992 3094 1133 3158 inlibro
1156 3094 1244 3158 Sexti
1268 3093 1400 3177 Papirii,

221 3197 276 3281 qui
299 3198 362 3263 fuit
393 3201 457 3266 illis
480 3202 691 3286 temporibus,
724 3200 841 3284 quibus
866 3199 1028 3283 Superbus
1050 3198 1216 3263 Demarati
1240 3197 1399 3262 Corinthii

221 3301 316 3381 filius,
349 3327 387 3367 ex
411 3305 640 3389 principalibus
671 3306 758 3368 viris.
793 3305 820 3368 is
851 3305 931 3368 liber
959 3342 1002 3350 —
1025 3304 1205 3388 appellatur
1236 3306 1285 3367 ius
1308 3302 1402 3366 civile

221 3405 437 3490 Papirianum,
461 3431 524 3472 non
548 3412 624 3493 quia
646 3409 794 3492 Papirius
818 3409 856 3472 de
871 3431 928 3472 suo
944 3410 1113 3492 quicquam
1136 3407 1181 3471 ibi
1197 3408 1320 3485 adiecit,
1344 3407 1400 3471 sed
1459 3413 1462 3419 “

296 3580 321 3649 1)
342 3580 402 3647 (ille
414 3581 490 3650 leges
502 3581 640 3650 egregiae,
659 3581 785 3636 maxima
805 3599 837 3636 ex
851 3586 933 3651 parte
954 3599 1009 3637 non
1023 3580 1150 3650 scriptas,
1170 3579 1321 3634 nonnullae
1334 3595 1400 3634 voro

222 3666 309 3720 etiam
322 3666 426 3721 litteris
444 3668 625 3737 consignatas
639 3672 815 3740 proponens.)
836 3702 869 3709 -
888 3671 916 3738 2)
930 3670 1014 3738 (banc
1026 3669 1118 3738 legem
1132 3667 1173 3734 (de
1183 3667 1241 3735 filiu
1252 3666 1400 3734 νονιίοιιιίο)

223 3769 301 3822 reges
327 3754 481 3808 tuebantur
506 3755 564 3809 sive
583 3756 719 3824 scriptam
743 3756 802 3811 sive
821 3772 876 3810 nun
896 3757 1043 3825 scriptam,
1071 3755 1111 3809 nil
1131 3754 1199 3809 certi
1219 3753 1292 3808 enim
1312 3755 1401 3808 habeo

222 3839 330 3905 dicere.)
359 3840 401 3909 Of.
421 3841 498 3897 Rom.
512 3846 553 3896 10.
571 3872 606 3880 -
625 3843 654 3911 3)
674 3845 758 3912 (quac
776 3843 871 3898 Numa
888 3844 924 3898 de
941 3845 1024 3898 rebus
1044 3843 1146 3897 divinis
1160 3842 1356 3904 constituerat,
1368 3871 1399 3882 —

222 3927 329 3998 partim
348 3929 457 3997 legibus
475 3929 585 3999 scriptis
602 3931 810 3999 comprehensa,
838 3935 947 4001 partem
967 3931 1026 3985 sine
1044 3931 1156 4000 scriptis
1175 3930 1206 3983 in
1224 3927 1402 3984 consuetudi·

223 4032 288 4069 nem
307 4018 336 4069 et
354 4033 434 4069 nsum
453 4016 622 4084 longaevum
641 4022 794 4084 conversa.)
814 4049 849 4058 -
867 4021 894 4085 4)
915 4019 1049 4088 (abeneae
1068 4019 1214 4073 columnae
1229 4016 1353 4071 nondum
1371 4016 1400 4069 in

224 4119 274 4155 usu
294 4106 361 4156 tunc
378 4105 467 4164 erant,
488 4103 534 4156 sed
553 4104 582 4157 in
601 4104 723 4159 roboreis
743 4106 849 4160 tabulis
868 4106 1066 4161 incidebantur
1089 4108 1117 4159 et
1131 4106 1206 4175 leges
1226 4105 1302 4158 etde
1316 4103 1402 4156 sacris

222 4192 393 4260 praecepta.)
411 4221 445 4230 -
470 4191 496 4259 5)
516 4191 603 4260 (leges
622 4191 692 4246 dant
710 4193 734 4247 si
752 4194 818 4263 quid
838 4211 979 4249 sacrorum
999 4211 1049 4248 nec
1074 4191 1183 4261 scriptis
1206 4208 1256 4246 nec
1274 4192 1397 4247 moribus

223 4279 449 4347 comprehensum
468 4281 518 4341 est,
537 4277 729 4343 diiudicantes,
749 4297 888 4349 quaenam
909 4281 983 4348 leges
1002 4284 1030 4334 et
1043 4278 1256 4334 consuetudines
1279 4277 1395 4331 idoneae

229 4367 375 4422 habendae
392 4367 469 4430 sint.)
