2992 5040
622 961 928 1060 PRAEFATIO

465 1173 780 1241 sermonis
814 1173 1087 1250 curuans.

251 1522 394 1633 Litteris
418 1572 451 1632 et
478 1568 587 1632 amicis
610 1573 780 1653 postquam
803 1571 929 1651 ereptus
963 1571 1011 1631 est
1035 1565 1177 1637 Carolus
1202 1565 1364 1654 Georgius

181 1701 306 1785 Brutis,
339 1700 454 1765 horum
477 1706 539 1778 est,
574 1705 608 1764 ut
633 1704 788 1784 quantum
822 1698 889 1762 fieri
915 1703 1019 1782 potest
1047 1701 1079 1763 in
1103 1700 1232 1765 illarum
1255 1723 1363 1766 curam

184 1847 255 1890 eum
276 1823 456 1899 succedant,
482 1845 578 1906 quam
601 1822 669 1905 ipse
691 1820 912 1904 praestitisset,
935 1821 963 1884 si
982 1821 1048 1885 fata
1064 1823 1222 1888 sivissent.
1259 1823 1364 1900 Quam

185 1949 227 2014 ob
250 1970 317 2012 rem
339 1945 554 2038 iustaofucere
576 1946 687 2021 amico,
719 1944 807 2007 cuins
831 1965 934 2027 angor
958 1944 1123 2022 desiderio,
1147 1946 1293 2027 equidem
1317 1947 1364 2011 ita

184 2071 318 2147 decrevi,
341 2075 378 2134 ut
401 2069 541 2133 fontium
562 2068 642 2131 iuris
666 2065 802 2131 Romani
826 2066 962 2150 antiqui,
987 2089 1123 2151 quorum
1147 2091 1218 2133 cnm
1234 2075 1364 2134 auctore

183 2195 257 2258 vivo
279 2197 443 2277 tamqnam
471 2191 647 2256 communis
668 2190 749 2254 mihi
764 2212 840 2255 cura
857 2190 930 2266 fuit,
955 2191 1099 2255 futuram
1114 2191 1365 2275 recognitionem

185 2321 218 2382 et
239 2315 510 2381 continuationem
535 2320 608 2399 post
631 2315 697 2378 eius
720 2315 843 2377 obitum
868 2315 1076 2378 immaturum
1099 2315 1132 2377 in
1156 2337 1206 2378 me
1222 2314 1364 2397 suscipe·

185 2461 260 2503 rem.
307 2437 419 2502 Prodit
449 2438 552 2522 igitur
575 2438 636 2500 iam
661 2436 804 2520 syllegae
826 2435 893 2499 eius
918 2436 1016 2499 editio
1039 2437 1153 2519 quinta
1176 2436 1254 2499 meis
1278 2435 1364 2499 curis

183 2566 277 2626 aucte
299 2567 331 2625 et
353 2558 502 2642 expolita.
552 2556 588 2621 lu
612 2581 649 2622 ea
673 2581 768 2642 opera
791 2559 869 2622 duas
892 2558 951 2622 res'
970 2564 1097 2623 secutus
1119 2581 1198 2635 sum,
1223 2559 1363 2642 primum

184 2685 274 2748 utin
298 2706 421 2747 summu
445 2705 478 2747 re
501 2682 624 2766 sylloge
648 2681 721 2745 talis
744 2687 895 2759 maneret,
928 2681 1052 2765 qualem
1078 2686 1189 2745 auctor
1211 2702 1279 2744 esse
1303 2702 1361 2744 vu·

185 2808 255 2884 luit,
278 2806 390 2869 deinde
421 2810 458 2868 ut
480 2827 560 2889 quae
583 2806 704 2886 ipsum,
735 2805 761 2868 si
786 2805 929 2882 vixisset,
955 2805 1205 2882 {emendaturum
1229 2804 1279 2867 vel
1304 2803 1362 2866 ad·

182 2930 337 2993 iecturum
361 2928 458 2991 fuisse
482 2947 665 3009 persuasum
689 2927 801 3001 habe0‚
825 2949 861 2990 eu
887 2932 1034 3010 postuma
1059 2927 1117 2991 hac
1136 2948 1233 3008 opere
1251 2929 1360 2989 mnte-

185 3054 296 3114 rentur
318 3054 351 3113 et
372 3048 569 3115 adderentur.

267 3171 379 3256 ltaque
402 3195 483 3255 quae
505 3195 543 3235 ex
570 3173 783 3236 monumentis
807 3173 936 3238 libuisse
960 3174 1075 3259 selegit
1100 3173 1265 3244 Brunsius,
1291 3170 1359 3234 suis

182 3292 260 3357 locis
291 3293 404 3376 reliqui
437 3294 543 3356 omnia
567 3316 667 3378 neque
690 3296 859 3380 quicquam
885 3297 1019 3373 sustuli,
1054 3317 1248 3382 quamquam
1270 3300 1363 3358 erant

185 3438 266 3499 quae
297 3417 402 3480 omitti
431 3423 568 3498 possent.
616 3415 699 3481 Nam
724 3419 756 3481 in
780 3421 932 3484 eiusmodi
956 3420 1080 3485 delectu
1103 3417 1262 3483 eumalio
1286 3415 1362 3480 aliis

182 3538 359 3622 probentur
381 3541 413 3600 et
435 3537 469 3599 in
493 3537 600 3601 multis
624 3559 731 3603 suasu
756 3545 857 3625 magis
882 3565 975 3625 quam
994 3567 1013 3607 a
1029 3543 1145 3607 iudicio
1161 3542 1265 3607 editor
1280 3562 1361 3623 pen·

179 3660 267 3736 deat,
290 3661 487 3723 committere
510 3659 606 3733 nolui,
633 3666 668 3724 ut
694 3685 774 3745 quae
798 3686 851 3746 per
878 3669 1031 3746 quattuor
1053 3665 1209 3728 editiones
1224 3665 1362 3729 circum-

184 3781 342 3859 feruntur,
365 3783 398 3844 in
422 3783 534 3866 quintu
557 3781 618 3846 huc
645 3783 906 3851 desiderarentur.

271 3904 298 3967 Ε
322 3906 484 3968 contrario
507 3928 612 3969 meum
636 3929 702 3970 esse
721 3908 910 3984 existimari,
936 3913 972 3971 ut
987 3931 1068 3992 quae
1085 3910 1115 3971 in
1136 3908 1196 3972 hoc
1213 3909 1360 3973 volumen

186 4031 312 4108 recepta
334 4032 418 4103 sunt,
443 4027 489 4090 ite
512 4027 556 4091 ibi
574 4028 731 4115 legantur,
754 4037 790 4093 ut
806 4031 861 4114 qni
878 4054 914 4094 eo
931 4033 1033 4095 utitur
1049 4039 1136 4096 certo
1152 4031 1363 4096 fundamento

184 4149 313 4213 insistat
334 4171 436 4232 neque
458 4152 619 4214 erroribus
643 4152 872 4216 coniecturisre
896 4153 1001 4216 tacitis
1023 4152 1165 4217 fallat-ur.
1201 4153 1305 4230 Quum
1321 4153 1362 4216 ob

185 4293 251 4336 reni
274 4275 341 4335 tam
364 4278 572 4337 monumenta
596 4296 689 4357 quani
715 4277 879 4338 unctorum
904 4274 988 4338 locos
1012 4276 1182 4358 adprobas
1206 4276 1363 4339 editiones
