<?xml version="1.0" encoding="UTF-8"?>
<!DOCTYPE html PUBLIC "-//W3C//DTD XHTML 1.0 Transitional//EN"
    "http://www.w3.org/TR/xhtml1/DTD/xhtml1-transitional.dtd">
<html xmlns="http://www.w3.org/1999/xhtml" xml:lang="en" lang="en">
 <head>
  <title>
</title>
<meta http-equiv="Content-Type" content="text/html;charset=utf-8" />
  <meta name='ocr-system' content='tesseract 3.04.00' />
  <meta name='ocr-capabilities' content='ocr_page ocr_carea ocr_par ocr_line ocrx_word'/>
</head>
<body>
  <div class='ocr_page' id='page_1' title='image "./fontesiurisroma03brungoog_0456.png"; bbox 0 0 2992 5040; ppageno 0'>
   <div class='ocr_carea' id='block_1_1' title="bbox 694 109 1339 181">
    <p class='ocr_par' dir='ltr' id='par_1_1' title="bbox 694 109 1339 181">
     <span class='ocr_line' id='line_1_1' title="bbox 694 109 1339 181; baseline 0.002 -17"><span class='ocrx_word' id='word_1_1' title='bbox 694 109 801 167; x_wconf 77' lang='lat' dir='ltr'>Festus.</span> <span class='ocrx_word' id='word_1_2' title='bbox 1298 118 1339 181; x_wconf 84' lang='lat'>21</span> 
     </span>
    </p>
   </div>
   <div class='ocr_carea' id='block_1_2' title="bbox 156 293 1339 2380">
    <p class='ocr_par' dir='ltr' id='par_1_2' title="bbox 159 293 1339 490">
     <span class='ocr_line' id='line_1_2' title="bbox 159 293 1339 379; baseline 0.003 -22"><span class='ocrx_word' id='word_1_3' title='bbox 159 294 244 358; x_wconf 89' lang='lat' dir='ltr'>inter</span> <span class='ocrx_word' id='word_1_4' title='bbox 272 300 426 379; x_wconf 80' lang='lat' dir='ltr'>cognatos</span> <span class='ocrx_word' id='word_1_5' title='bbox 456 295 713 379; x_wconf 76' lang='lat' dir='ltr'>propinquosque</span> <span class='ocrx_word' id='word_1_6' title='bbox 744 293 929 357; x_wconf 81' lang='lat' dir='ltr'>institutum</span> <span class='ocrx_word' id='word_1_7' title='bbox 960 295 1000 356; x_wconf 91' lang='lat' dir='ltr'>ab</span> <span class='ocrx_word' id='word_1_8' title='bbox 1024 294 1166 378; x_wconf 74' lang='lat' dir='ltr'><strong>antiquis</strong></span> <span class='ocrx_word' id='word_1_9' title='bbox 1189 302 1246 372; x_wconf 80' lang='lat' dir='ltr'>est,</span> <span class='ocrx_word' id='word_1_10' title='bbox 1272 319 1339 361; x_wconf 90' lang='lat' dir='ltr'>ma·</span> 
     </span>
     <span class='ocr_line' id='line_1_3' title="bbox 161 400 998 490; baseline 0.002 -28"><span class='ocrx_word' id='word_1_11' title='bbox 161 401 308 484; x_wconf 87' lang='lat' dir='ltr'>ximcque</span> <span class='ocrx_word' id='word_1_12' title='bbox 330 400 479 465; x_wconf 87' lang='lat' dir='ltr'>feminas¹</span> <span class='ocrx_word' id='word_1_13' title='bbox 505 449 564 464; x_wconf 89' lang='lat'>...</span> <span class='ocrx_word' id='word_1_14' title='bbox 590 401 627 464; x_wconf 87' lang='lat' dir='ltr'>L.</span> <span class='ocrx_word' id='word_1_15' title='bbox 651 405 725 464; x_wconf 80' lang='lat'><strong><em>197.</em></strong></span> <span class='ocrx_word' id='word_1_16' title='bbox 997 487 998 490; x_wconf 8' lang='grc' dir='ltr'><strong>Ἴ</strong></span> 
     </span>
    </p>

    <p class='ocr_par' dir='ltr' id='par_1_3' title="bbox 156 504 1339 1433">
     <span class='ocr_line' id='line_1_4' title="bbox 158 504 1339 591; baseline 0.004 -23"><span class='ocrx_word' id='word_1_17' title='bbox 158 504 336 570; x_wconf 83' lang='lat' dir='ltr'>Ovibus</span> <span class='ocrx_word' id='word_1_18' title='bbox 368 505 506 572; x_wconf 67' lang='lat' dir='ltr'>duabus⁸</span> <span class='ocrx_word' id='word_1_19' title='bbox 540 506 761 571; x_wconf 73' lang='lat' dir='ltr'><strong>multabantur</strong></span> <span class='ocrx_word' id='word_1_20' title='bbox 792 507 876 589; x_wconf 90' lang='lat' dir='ltr'>apud</span> <span class='ocrx_word' id='word_1_21' title='bbox 909 507 1060 591; x_wconf 90' lang='lat' dir='ltr'>antiquos</span> <span class='ocrx_word' id='word_1_22' title='bbox 1088 507 1137 570; x_wconf 82' lang='lat' dir='ltr'>in³</span> <span class='ocrx_word' id='word_1_23' title='bbox 1164 509 1339 573; x_wconf 82' lang='lat' dir='ltr'>minoribus</span> 
     </span>
     <span class='ocr_line' id='line_1_5' title="bbox 157 609 1338 693; baseline 0.007 -21"><span class='ocrx_word' id='word_1_24' title='bbox 157 609 302 689; x_wconf 82' lang='lat' dir='ltr'>delictis,</span> <span class='ocrx_word' id='word_1_25' title='bbox 333 616 369 676; x_wconf 91' lang='lat' dir='ltr'>ut</span> <span class='ocrx_word' id='word_1_26' title='bbox 393 612 427 676; x_wconf 93' lang='lat' dir='ltr'>in</span> <span class='ocrx_word' id='word_1_27' title='bbox 452 611 625 676; x_wconf 88' lang='lat' dir='ltr'>maioribus</span> <span class='ocrx_word' id='word_1_28' title='bbox 649 610 741 675; x_wconf 88' lang='lat' dir='ltr'>XXX</span> <span class='ocrx_word' id='word_1_29' title='bbox 765 611 895 693; x_wconf 82' lang='lat' dir='ltr'>bobus⁴‚</span> <span class='ocrx_word' id='word_1_30' title='bbox 928 634 985 677; x_wconf 90' lang='lat' dir='ltr'>nec</span> <span class='ocrx_word' id='word_1_31' title='bbox 1010 613 1096 679; x_wconf 90' lang='lat' dir='ltr'>hunc</span> <span class='ocrx_word' id='word_1_32' title='bbox 1119 615 1206 679; x_wconf 91' lang='lat' dir='ltr'>ultra</span> <span class='ocrx_word' id='word_1_33' title='bbox 1228 637 1338 680; x_wconf 86' lang='lat' dir='ltr'>nume·</span> 
     </span>
     <span class='ocr_line' id='line_1_6' title="bbox 162 717 1338 802; baseline 0.006 -24"><span class='ocrx_word' id='word_1_34' title='bbox 162 737 232 780; x_wconf 89' lang='lat' dir='ltr'>rum</span> <span class='ocrx_word' id='word_1_35' title='bbox 255 718 426 782; x_wconf 79' lang='lat' dir='ltr'>excedebat</span> <span class='ocrx_word' id='word_1_36' title='bbox 448 717 617 794; x_wconf 80' lang='lat' dir='ltr'>multati03</span> <span class='ocrx_word' id='word_1_37' title='bbox 652 717 723 781; x_wconf 80' lang='lat' dir='ltr'>sed⁵</span> <span class='ocrx_word' id='word_1_38' title='bbox 746 724 952 802; x_wconf 80' lang='lat' dir='ltr'>posteaquam</span> <span class='ocrx_word' id='word_1_39' title='bbox 977 741 1049 783; x_wconf 88' lang='lat' dir='ltr'>aere</span> <span class='ocrx_word' id='word_1_40' title='bbox 1071 719 1199 801; x_wconf 75' lang='lat' dir='ltr'>signato</span> <span class='ocrx_word' id='word_1_41' title='bbox 1223 721 1270 783; x_wconf 91' lang='lat' dir='ltr'>nti</span> <span class='ocrx_word' id='word_1_42' title='bbox 1294 721 1338 785; x_wconf 90' lang='lat' dir='ltr'>ci·</span> 
     </span>
     <span class='ocr_line' id='line_1_7' title="bbox 160 807 1338 909; baseline 0.006 -25"><span class='ocrx_word' id='word_1_43' title='bbox 160 819 243 884; x_wconf 84' lang='lat' dir='ltr'>vitae</span> <span class='ocrx_word' id='word_1_44' title='bbox 277 822 405 905; x_wconf 72' lang='lat' dir='ltr'>coepit⁶</span> <span class='ocrx_word' id='word_1_45' title='bbox 441 807 617 907; x_wconf 83' lang='lat' dir='ltr'>pecoraque</span> <span class='ocrx_word' id='word_1_46' title='bbox 654 821 834 887; x_wconf 91' lang='lat' dir='ltr'>multaticia</span> <span class='ocrx_word' id='word_1_47' title='bbox 866 823 1011 888; x_wconf 85' lang='lat' dir='ltr'>incuria⁷</span> <span class='ocrx_word' id='word_1_48' title='bbox 1043 824 1338 909; x_wconf 77' lang='lat' dir='ltr'>corrumpebantur,</span> 
     </span>
     <span class='ocr_line' id='line_1_8' title="bbox 158 927 1338 1012; baseline 0.004 -22"><span class='ocrx_word' id='word_1_49' title='bbox 158 927 244 992; x_wconf 88' lang='lat' dir='ltr'>unde</span> <span class='ocrx_word' id='word_1_50' title='bbox 266 929 361 992; x_wconf 91' lang='lat' dir='ltr'>etiam</span> <span class='ocrx_word' id='word_1_51' title='bbox 386 929 550 1012; x_wconf 85' lang='lat' dir='ltr'>peculatus</span> <span class='ocrx_word' id='word_1_52' title='bbox 574 929 695 994; x_wconf 86' lang='lat' dir='ltr'>crimen</span> <span class='ocrx_word' id='word_1_53' title='bbox 720 929 865 1011; x_wconf 90' lang='lat' dir='ltr'>usurpari</span> <span class='ocrx_word' id='word_1_54' title='bbox 890 933 1035 1012; x_wconf 91' lang='lat' dir='ltr'>coeptum</span> <span class='ocrx_word' id='word_1_55' title='bbox 1060 934 1117 1005; x_wconf 86' lang='lat' dir='ltr'>est,</span> <span class='ocrx_word' id='word_1_56' title='bbox 1142 930 1226 994; x_wconf 84' lang='lat' dir='ltr'>faeta</span> <span class='ocrx_word' id='word_1_57' title='bbox 1242 932 1338 995; x_wconf 87' lang='lat' dir='ltr'>aesti-</span> 
     </span>
     <span class='ocr_line' id='line_1_9' title="bbox 161 1014 1338 1118; baseline 0.003 -22"><span class='ocrx_word' id='word_1_58' title='bbox 161 1034 261 1098; x_wconf 91' lang='lat' dir='ltr'>matio</span> <span class='ocrx_word' id='word_1_59' title='bbox 293 1035 446 1118; x_wconf 86' lang='lat' dir='ltr'>pecoralis</span> <span class='ocrx_word' id='word_1_60' title='bbox 474 1036 610 1110; x_wconf 79' lang='lat' dir='ltr'>multae,</span> <span class='ocrx_word' id='word_1_61' title='bbox 644 1040 676 1100; x_wconf 93' lang='lat' dir='ltr'>et</span> <span class='ocrx_word' id='word_1_62' title='bbox 698 1035 796 1099; x_wconf 83' lang='lat' dir='ltr'>bores</span> <span class='ocrx_word' id='word_1_63' title='bbox 817 1035 958 1099; x_wconf 84' lang='lat' dir='ltr'>centenis</span> <span class='ocrx_word' id='word_1_64' title='bbox 982 1034 1121 1111; x_wconf 79' lang='lat' dir='ltr'>assibus,</span> <span class='ocrx_word' id='word_1_65' title='bbox 1136 1014 1226 1098; x_wconf 73' lang='lat' dir='ltr'>&#39;oves</span> <span class='ocrx_word' id='word_1_66' title='bbox 1249 1036 1338 1100; x_wconf 86' lang='lat' dir='ltr'>denis</span> 
     </span>
     <span class='ocr_line' id='line_1_10' title="bbox 159 1138 1338 1225; baseline 0.004 -24"><span class='ocrx_word' id='word_1_67' title='bbox 159 1138 373 1203; x_wconf 80' lang='lat' dir='ltr'>aestimatae⁸.</span> <span class='ocrx_word' id='word_1_68' title='bbox 421 1139 498 1204; x_wconf 91' lang='lat' dir='ltr'>Inde</span> <span class='ocrx_word' id='word_1_69' title='bbox 526 1163 675 1224; x_wconf 87' lang='lat' dir='ltr'>suprema</span> <span class='ocrx_word' id='word_1_70' title='bbox 697 1141 818 1214; x_wconf 76' lang='lat' dir='ltr'>multa,</span> <span class='ocrx_word' id='word_1_71' title='bbox 848 1140 879 1203; x_wconf 94' lang='lat' dir='ltr'>id</span> <span class='ocrx_word' id='word_1_72' title='bbox 903 1145 952 1203; x_wconf 87' lang='lat' dir='ltr'>est</span> <span class='ocrx_word' id='word_1_73' title='bbox 976 1141 1125 1216; x_wconf 82' lang='lat' dir='ltr'>maxima,</span> <span class='ocrx_word' id='word_1_74' title='bbox 1157 1140 1338 1225; x_wconf 88' lang='lat' dir='ltr'>appellatur</span> 
     </span>
     <span class='ocr_line' id='line_1_11' title="bbox 160 1243 1336 1321; baseline 0.006 -16"><span class='ocrx_word' id='word_1_75' title='bbox 160 1243 223 1306; x_wconf 87' lang='lat' dir='ltr'>tria</span> <span class='ocrx_word' id='word_1_76' title='bbox 255 1244 344 1307; x_wconf 87' lang='lat' dir='ltr'>milia</span> <span class='ocrx_word' id='word_1_77' title='bbox 375 1247 473 1321; x_wconf 82' lang='lat' dir='ltr'>aeris3</span> <span class='ocrx_word' id='word_1_78' title='bbox 506 1247 583 1309; x_wconf 91' lang='lat' dir='ltr'>item</span> <span class='ocrx_word' id='word_1_79' title='bbox 617 1246 771 1310; x_wconf 74' lang='lat' dir='ltr'>vicessis⁰</span> <span class='ocrx_word' id='word_1_80' title='bbox 805 1244 981 1308; x_wconf 88' lang='lat' dir='ltr'>minoribns</span> <span class='ocrx_word' id='word_1_81' title='bbox 1017 1245 1149 1309; x_wconf 91' lang='lat' dir='ltr'>delictis.</span> <span class='ocrx_word' id='word_1_82' title='bbox 1197 1247 1235 1309; x_wconf 89' lang='lat' dir='ltr'>L.</span> <span class='ocrx_word' id='word_1_83' title='bbox 1257 1251 1336 1312; x_wconf 81' lang='lat'><em>202.</em></span> 
     </span>
     <span class='ocr_line' id='line_1_12' title="bbox 156 1346 464 1433; baseline 0.006 -22"><span class='ocrx_word' id='word_1_84' title='bbox 156 1346 227 1425; x_wconf 80' lang='lat' dir='ltr'><em>(Of.</em></span> <span class='ocrx_word' id='word_1_85' title='bbox 254 1346 464 1433; x_wconf 83' lang='lat' dir='ltr'>Maxima.)</span> 
     </span>
    </p>

    <p class='ocr_par' dir='ltr' id='par_1_4' title="bbox 156 1452 1336 2046">
     <span class='ocr_line' id='line_1_13' title="bbox 160 1452 1336 1542; baseline 0.004 -26"><span class='ocrx_word' id='word_1_86' title='bbox 160 1452 329 1518; x_wconf 91' lang='lat' dir='ltr'>Pacion</span> <span class='ocrx_word' id='word_1_87' title='bbox 344 1478 361 1520; x_wconf 92' lang='lat' dir='ltr'>e</span> <span class='ocrx_word' id='word_1_88' title='bbox 374 1478 405 1520; x_wconf 92' lang='lat' dir='ltr'>m</span> <span class='ocrx_word' id='word_1_89' title='bbox 429 1458 552 1541; x_wconf 86' lang='lat' dir='ltr'>antiqui</span> <span class='ocrx_word' id='word_1_90' title='bbox 575 1457 732 1531; x_wconf 86' lang='lat' dir='ltr'>dicebant,</span> <span class='ocrx_word' id='word_1_91' title='bbox 760 1480 856 1542; x_wconf 91' lang='lat' dir='ltr'>quam</span> <span class='ocrx_word' id='word_1_92' title='bbox 882 1478 965 1521; x_wconf 91' lang='lat' dir='ltr'>nunc</span> <span class='ocrx_word' id='word_1_93' title='bbox 989 1455 1169 1540; x_wconf 86' lang='lat' dir='ltr'>pactionem</span> <span class='ocrx_word' id='word_1_94' title='bbox 1185 1458 1336 1533; x_wconf 78' lang='lat' dir='ltr'>dicimus3</span> 
     </span>
     <span class='ocr_line' id='line_1_14' title="bbox 158 1558 1313 1646; baseline 0.006 -26"><span class='ocrx_word' id='word_1_95' title='bbox 158 1558 240 1622; x_wconf 73' lang='lat' dir='ltr'>rande</span> <span class='ocrx_word' id='word_1_96' title='bbox 267 1563 299 1622; x_wconf 89' lang='lat' dir='ltr'>et</span> <span class='ocrx_word' id='word_1_97' title='bbox 321 1560 481 1643; x_wconf 90' lang='lat' dir='ltr'>pacisci¹⁰</span> <span class='ocrx_word' id='word_1_98' title='bbox 509 1561 612 1626; x_wconf 89' lang='lat' dir='ltr'>adbuc</span> <span class='ocrx_word' id='word_1_99' title='bbox 637 1568 668 1626; x_wconf 90' lang='lat' dir='ltr'>et</span> <span class='ocrx_word' id='word_1_100' title='bbox 691 1568 816 1646; x_wconf 81' lang='lat' dir='ltr'>paco¹l</span> <span class='ocrx_word' id='word_1_101' title='bbox 845 1565 876 1626; x_wconf 91' lang='lat' dir='ltr'>in</span> <span class='ocrx_word' id='word_1_102' title='bbox 902 1584 960 1626; x_wconf 89' lang='lat' dir='ltr'>nen</span> <span class='ocrx_word' id='word_1_103' title='bbox 987 1567 1140 1626; x_wconf 84' lang='lat' dir='ltr'>remanet.</span> <span class='ocrx_word' id='word_1_104' title='bbox 1180 1562 1219 1626; x_wconf 78' lang='lat' dir='ltr'>F.</span> <span class='ocrx_word' id='word_1_105' title='bbox 1236 1567 1313 1626; x_wconf 78' lang='lat'><em>250.</em></span> 
     </span>
     <span class='ocr_line' id='line_1_15' title="bbox 161 1662 1335 1752; baseline 0.004 -27"><span class='ocrx_word' id='word_1_106' title='bbox 161 1662 343 1728; x_wconf 87' lang='lat' dir='ltr'>Paelice</span> <span class='ocrx_word' id='word_1_107' title='bbox 355 1688 370 1730; x_wconf 89' lang='lat' dir='ltr'>s</span> <span class='ocrx_word' id='word_1_108' title='bbox 384 1668 417 1706; x_wconf 61' lang='lat'>¹2</span> <span class='ocrx_word' id='word_1_109' title='bbox 437 1703 489 1730; x_wconf 92' lang='lat'>-.</span> <span class='ocrx_word' id='word_1_110' title='bbox 528 1669 661 1752; x_wconf 70' lang='lat' dir='ltr'>Antiqui</span> <span class='ocrx_word' id='word_1_111' title='bbox 683 1669 812 1752; x_wconf 88' lang='lat' dir='ltr'>proprie</span> <span class='ocrx_word' id='word_1_112' title='bbox 834 1672 945 1733; x_wconf 77' lang='lat' dir='ltr'>eam¹³</span> <span class='ocrx_word' id='word_1_113' title='bbox 972 1665 1163 1751; x_wconf 80' lang='lat' dir='ltr'>paelicem¹²</span> <span class='ocrx_word' id='word_1_114' title='bbox 1191 1668 1335 1730; x_wconf 88' lang='lat' dir='ltr'>nomina·</span> 
     </span>
     <span class='ocr_line' id='line_1_16' title="bbox 156 1765 1334 1854; baseline 0.005 -25"><span class='ocrx_word' id='word_1_115' title='bbox 156 1765 250 1844; x_wconf 80' lang='lat' dir='ltr'>bant,</span> <span class='ocrx_word' id='word_1_116' title='bbox 284 1791 366 1854; x_wconf 89' lang='lat' dir='ltr'>qnae</span> <span class='ocrx_word' id='word_1_117' title='bbox 398 1793 525 1836; x_wconf 87' lang='lat' dir='ltr'>uxorem</span> <span class='ocrx_word' id='word_1_118' title='bbox 563 1773 693 1837; x_wconf 89' lang='lat' dir='ltr'>babenti</span> <span class='ocrx_word' id='word_1_119' title='bbox 730 1773 881 1837; x_wconf 89' lang='lat' dir='ltr'>nubebat.</span> <span class='ocrx_word' id='word_1_120' title='bbox 927 1774 985 1839; x_wconf 80' lang='lat' dir='ltr'>cui</span> <span class='ocrx_word' id='word_1_121' title='bbox 1020 1771 1129 1854; x_wconf 80' lang='lat' dir='ltr'>generi</span> <span class='ocrx_word' id='word_1_122' title='bbox 1166 1771 1334 1835; x_wconf 89' lang='lat' dir='ltr'>mulierum</span> 
     </span>
     <span class='ocr_line' id='line_1_17' title="bbox 157 1873 1335 1961; baseline 0.003 -25"><span class='ocrx_word' id='word_1_123' title='bbox 157 1873 253 1937; x_wconf 89' lang='lat' dir='ltr'>etiam</span> <span class='ocrx_word' id='word_1_124' title='bbox 278 1895 380 1957; x_wconf 90' lang='lat' dir='ltr'>poena</span> <span class='ocrx_word' id='word_1_125' title='bbox 402 1877 577 1941; x_wconf 88' lang='lat' dir='ltr'>constituta</span> <span class='ocrx_word' id='word_1_126' title='bbox 599 1883 647 1940; x_wconf 91' lang='lat' dir='ltr'>est</span> <span class='ocrx_word' id='word_1_127' title='bbox 665 1900 683 1940; x_wconf 89' lang='lat' dir='ltr'>a</span> <span class='ocrx_word' id='word_1_128' title='bbox 699 1875 806 1940; x_wconf 88' lang='lat' dir='ltr'>Numa</span> <span class='ocrx_word' id='word_1_129' title='bbox 826 1877 982 1961; x_wconf 90' lang='lat' dir='ltr'>Pompilio</span> <span class='ocrx_word' id='word_1_130' title='bbox 1006 1879 1106 1942; x_wconf 83' lang='lat' dir='ltr'>hae¹⁴</span> <span class='ocrx_word' id='word_1_131' title='bbox 1134 1878 1221 1960; x_wconf 81' lang='lat' dir='ltr'>lege:</span> <span class='ocrx_word' id='word_1_132' title='bbox 1246 1874 1335 1940; x_wconf 86' lang='lat' dir='ltr'>‘Pae-</span> 
     </span>
     <span class='ocr_line' id='line_1_18' title="bbox 158 1978 686 2046; baseline 0.009 -5"><span class='ocrx_word' id='word_1_133' title='bbox 158 1978 246 2042; x_wconf 71' lang='lat' dir='ltr'>lex¹²</span> <span class='ocrx_word' id='word_1_134' title='bbox 273 2002 361 2043; x_wconf 91' lang='lat' dir='ltr'>aram</span> <span class='ocrx_word' id='word_1_135' title='bbox 384 1980 450 2045; x_wconf 78' lang='lat' dir='ltr'>cet’</span> <span class='ocrx_word' id='word_1_136' title='bbox 500 1981 536 2044; x_wconf 89' lang='lat' dir='ltr'>P.</span> <span class='ocrx_word' id='word_1_137' title='bbox 560 1985 686 2046; x_wconf 51' lang='grc'><em>22225</em></span> 
     </span>
    </p>

    <p class='ocr_par' dir='ltr' id='par_1_5' title="bbox 157 2081 1334 2274">
     <span class='ocr_line' id='line_1_19' title="bbox 159 2081 1334 2169; baseline 0.004 -24"><span class='ocrx_word' id='word_1_138' title='bbox 159 2081 397 2149; x_wconf 88' lang='lat' dir='ltr'>Pararium</span> <span class='ocrx_word' id='word_1_139' title='bbox 430 2108 482 2150; x_wconf 86' lang='lat' dir='ltr'>aes</span> <span class='ocrx_word' id='word_1_140' title='bbox 513 2086 738 2169; x_wconf 87' lang='lat' dir='ltr'>appellabatur</span> <span class='ocrx_word' id='word_1_141' title='bbox 768 2086 810 2161; x_wconf 81' lang='lat' dir='ltr'>id,</span> <span class='ocrx_word' id='word_1_142' title='bbox 844 2087 927 2169; x_wconf 91' lang='lat' dir='ltr'>quod</span> <span class='ocrx_word' id='word_1_143' title='bbox 951 2085 1114 2169; x_wconf 84' lang='lat' dir='ltr'>equitibus</span> <span class='ocrx_word' id='word_1_144' title='bbox 1138 2083 1253 2167; x_wconf 90' lang='lat' dir='ltr'>duplex</span> <span class='ocrx_word' id='word_1_145' title='bbox 1277 2107 1334 2169; x_wconf 92' lang='lat' dir='ltr'>pro</span> 
     </span>
     <span class='ocr_line' id='line_1_20' title="bbox 157 2189 1065 2274; baseline 0 -22"><span class='ocrx_word' id='word_1_146' title='bbox 157 2189 239 2253; x_wconf 87' lang='lat' dir='ltr'>binis</span> <span class='ocrx_word' id='word_1_147' title='bbox 262 2191 351 2274; x_wconf 88' lang='lat' dir='ltr'>equis</span> <span class='ocrx_word' id='word_1_148' title='bbox 375 2190 518 2255; x_wconf 91' lang='lat' dir='ltr'>dabatur.</span> <span class='ocrx_word' id='word_1_149' title='bbox 566 2190 603 2254; x_wconf 89' lang='lat' dir='ltr'>P.</span> <span class='ocrx_word' id='word_1_150' title='bbox 628 2196 706 2255; x_wconf 83' lang='lat'><strong><em>221.</em></strong></span> <span class='ocrx_word' id='word_1_151' title='bbox 753 2189 793 2271; x_wconf 78' lang='lat' dir='ltr'>(a.</span> <span class='ocrx_word' id='word_1_152' title='bbox 819 2215 846 2255; x_wconf 86' lang='lat' dir='ltr'>o.</span> <span class='ocrx_word' id='word_1_153' title='bbox 876 2190 1065 2254; x_wconf 75' lang='lat' dir='ltr'>Paribus</span> 
     </span>
    </p>

    <p class='ocr_par' dir='ltr' id='par_1_6' title="bbox 158 2289 1332 2380">
     <span class='ocr_line' id='line_1_21' title="bbox 158 2289 1332 2380; baseline 0.005 -27"><span class='ocrx_word' id='word_1_154' title='bbox 158 2289 330 2359; x_wconf 89' lang='lat' dir='ltr'>Parens</span> <span class='ocrx_word' id='word_1_155' title='bbox 362 2298 459 2380; x_wconf 79' lang='lat' dir='ltr'>vulgo</span> <span class='ocrx_word' id='word_1_156' title='bbox 490 2302 580 2379; x_wconf 90' lang='lat' dir='ltr'>pater</span> <span class='ocrx_word' id='word_1_157' title='bbox 611 2302 668 2360; x_wconf 89' lang='lat' dir='ltr'>aut</span> <span class='ocrx_word' id='word_1_158' title='bbox 697 2300 801 2360; x_wconf 89' lang='lat' dir='ltr'>mater</span> <span class='ocrx_word' id='word_1_159' title='bbox 832 2296 1032 2378; x_wconf 80' lang='lat' dir='ltr'>appellatur:</span> <span class='ocrx_word' id='word_1_160' title='bbox 1068 2295 1119 2358; x_wconf 88' lang='lat' dir='ltr'>sed</span> <span class='ocrx_word' id='word_1_161' title='bbox 1153 2294 1231 2358; x_wconf 86' lang='lat' dir='ltr'>iuris</span> <span class='ocrx_word' id='word_1_162' title='bbox 1257 2318 1332 2378; x_wconf 91' lang='lat' dir='ltr'>pru·</span> 
     </span>
    </p>
   </div>
   <div class='ocr_carea' id='block_1_3' title="bbox 150 2521 1334 4245">
    <p class='ocr_par' dir='ltr' id='par_1_7' title="bbox 150 2521 1334 4245">
     <span class='ocr_line' id='line_1_22' title="bbox 225 2521 1333 2592; baseline 0.003 -18"><span class='ocrx_word' id='word_1_163' title='bbox 225 2523 252 2587; x_wconf 94' lang='grc'>1)</span> <span class='ocrx_word' id='word_1_164' title='bbox 272 2522 344 2576; x_wconf 80' lang='lat' dir='ltr'>Ptin.</span> <span class='ocrx_word' id='word_1_165' title='bbox 363 2523 425 2576; x_wconf 79' lang='lat' dir='ltr'>bist.</span> <span class='ocrx_word' id='word_1_166' title='bbox 440 2530 498 2576; x_wconf 78' lang='lat' dir='ltr'>aar.</span> <span class='ocrx_word' id='word_1_167' title='bbox 511 2526 603 2589; x_wconf 77' lang='grc'>14,13.·</span> <span class='ocrx_word' id='word_1_168' title='bbox 623 2521 702 2583; x_wconf 84' lang='lat' dir='ltr'>Cato.</span> <span class='ocrx_word' id='word_1_169' title='bbox 720 2522 783 2578; x_wconf 91' lang='lat' dir='ltr'>ideo</span> <span class='ocrx_word' id='word_1_170' title='bbox 801 2522 972 2592; x_wconf 88' lang='lat' dir='ltr'>propinquos</span> <span class='ocrx_word' id='word_1_171' title='bbox 994 2521 1105 2576; x_wconf 83' lang='lat' dir='ltr'>feminis</span> <span class='ocrx_word' id='word_1_172' title='bbox 1118 2523 1242 2577; x_wconf 85' lang='lat' dir='ltr'>osculnm</span> <span class='ocrx_word' id='word_1_173' title='bbox 1258 2523 1333 2588; x_wconf 88' lang='lat' dir='ltr'>dare,</span> 
     </span>
     <span class='ocr_line' id='line_1_23' title="bbox 155 2609 1334 2676; baseline 0.004 -16"><span class='ocrx_word' id='word_1_174' title='bbox 155 2611 188 2661; x_wconf 90' lang='lat' dir='ltr'>ut</span> <span class='ocrx_word' id='word_1_175' title='bbox 211 2609 328 2670; x_wconf 84' lang='lat' dir='ltr'>seirent.</span> <span class='ocrx_word' id='word_1_176' title='bbox 357 2626 393 2663; x_wconf 87' lang='lat' dir='ltr'>an</span> <span class='ocrx_word' id='word_1_177' title='bbox 419 2612 554 2664; x_wconf 89' lang='lat' dir='ltr'>temetum</span> <span class='ocrx_word' id='word_1_178' title='bbox 580 2611 611 2676; x_wconf 76' lang='lat' dir='ltr'>(i.</span> <span class='ocrx_word' id='word_1_179' title='bbox 631 2627 651 2664; x_wconf 85' lang='lat' dir='ltr'>e.</span> <span class='ocrx_word' id='word_1_180' title='bbox 671 2612 775 2673; x_wconf 80' lang='lat' dir='ltr'>cinam)</span> <span class='ocrx_word' id='word_1_181' title='bbox 805 2610 920 2665; x_wconf 91' lang='lat' dir='ltr'>olerent.</span> <span class='ocrx_word' id='word_1_182' title='bbox 964 2611 1027 2665; x_wconf 89' lang='lat' dir='ltr'>Non</span> <span class='ocrx_word' id='word_1_183' title='bbox 1046 2609 1149 2665; x_wconf 84' lang='lat' dir='ltr'>licebat</span> <span class='ocrx_word' id='word_1_184' title='bbox 1173 2610 1201 2664; x_wconf 91' lang='lat' dir='ltr'>id</span> <span class='ocrx_word' id='word_1_185' title='bbox 1220 2611 1334 2665; x_wconf 81' lang='lat' dir='ltr'>feminis</span> 
     </span>
     <span class='ocr_line' id='line_1_24' title="bbox 158 2695 1334 2766; baseline 0.001 -16"><span class='ocrx_word' id='word_1_186' title='bbox 158 2696 261 2750; x_wconf 84' lang='lat' dir='ltr'>Romae</span> <span class='ocrx_word' id='word_1_187' title='bbox 288 2696 389 2751; x_wconf 89' lang='lat' dir='ltr'>bibere.</span> <span class='ocrx_word' id='word_1_188' title='bbox 430 2697 587 2751; x_wconf 84' lang='lat' dir='ltr'>invenimus</span> <span class='ocrx_word' id='word_1_189' title='bbox 609 2699 764 2766; x_wconf 78' lang='lat' dir='ltr'>-Egnati</span> <span class='ocrx_word' id='word_1_190' title='bbox 798 2697 901 2751; x_wconf 87' lang='lat' dir='ltr'>Meceni</span> <span class='ocrx_word' id='word_1_191' title='bbox 931 2713 1053 2753; x_wconf 75' lang='lat' dir='ltr'>aurorem,</span> <span class='ocrx_word' id='word_1_192' title='bbox 1082 2695 1156 2764; x_wconf 89' lang='lat' dir='ltr'>quod</span> <span class='ocrx_word' id='word_1_193' title='bbox 1179 2695 1274 2751; x_wconf 86' lang='lat' dir='ltr'>vinum</span> <span class='ocrx_word' id='word_1_194' title='bbox 1294 2697 1334 2751; x_wconf 89' lang='lat' dir='ltr'>bi·</span> 
     </span>
     <span class='ocr_line' id='line_1_25' title="bbox 155 2780 1333 2853; baseline 0.003 -18"><span class='ocrx_word' id='word_1_195' title='bbox 155 2780 242 2836; x_wconf 87' lang='lat' dir='ltr'>bisset</span> <span class='ocrx_word' id='word_1_196' title='bbox 265 2812 309 2846; x_wconf 81' lang='lat'>—,</span> <span class='ocrx_word' id='word_1_197' title='bbox 334 2783 511 2838; x_wconf 79' lang='lat' dir='ltr'>interfectam</span> <span class='ocrx_word' id='word_1_198' title='bbox 531 2783 598 2837; x_wconf 81' lang='lat' dir='ltr'>lusti</span> <span class='ocrx_word' id='word_1_199' title='bbox 618 2801 635 2836; x_wconf 88' lang='lat' dir='ltr'>a</span> <span class='ocrx_word' id='word_1_200' title='bbox 655 2783 765 2851; x_wconf 88' lang='lat' dir='ltr'>merito,</span> <span class='ocrx_word' id='word_1_201' title='bbox 794 2801 912 2853; x_wconf 89' lang='lat' dir='ltr'>eumque</span> <span class='ocrx_word' id='word_1_202' title='bbox 930 2783 1030 2838; x_wconf 88' lang='lat' dir='ltr'>caedis</span> <span class='ocrx_word' id='word_1_203' title='bbox 1049 2801 1066 2836; x_wconf 88' lang='lat' dir='ltr'>a</span> <span class='ocrx_word' id='word_1_204' title='bbox 1085 2782 1205 2839; x_wconf 83' lang='lat' dir='ltr'>Romulo</span> <span class='ocrx_word' id='word_1_205' title='bbox 1223 2785 1333 2841; x_wconf 89' lang='lat' dir='ltr'>absolu-</span> 
     </span>
     <span class='ocr_line' id='line_1_26' title="bbox 155 2867 1334 2938; baseline 0.002 -14"><span class='ocrx_word' id='word_1_206' title='bbox 155 2872 225 2926; x_wconf 88' lang='lat' dir='ltr'>tum.</span> <span class='ocrx_word' id='word_1_207' title='bbox 267 2871 324 2924; x_wconf 82' lang='lat' dir='ltr'>Vol.</span> <span class='ocrx_word' id='word_1_208' title='bbox 344 2872 421 2925; x_wconf 77' lang='lat' dir='ltr'>Mau.</span> <span class='ocrx_word' id='word_1_209' title='bbox 441 2875 525 2938; x_wconf 85' lang='lat'><strong><em>6‚3,9:</em></strong></span> <span class='ocrx_word' id='word_1_210' title='bbox 552 2889 608 2926; x_wconf 90' lang='lat' dir='ltr'>non</span> <span class='ocrx_word' id='word_1_211' title='bbox 637 2876 797 2928; x_wconf 87' lang='lat' dir='ltr'>accusatore</span> <span class='ocrx_word' id='word_1_212' title='bbox 823 2873 935 2924; x_wconf 89' lang='lat' dir='ltr'>tantum</span> <span class='ocrx_word' id='word_1_213' title='bbox 965 2867 1118 2924; x_wconf 89' lang='lat' dir='ltr'>sedetiam</span> <span class='ocrx_word' id='word_1_214' title='bbox 1138 2869 1334 2938; x_wconf 88' lang='lat' dir='ltr'>reprehensore</span> 
     </span>
     <span class='ocr_line' id='line_1_27' title="bbox 153 2957 1333 3028; baseline -0.001 -17"><span class='ocrx_word' id='word_1_215' title='bbox 153 2958 246 3012; x_wconf 85' lang='lat' dir='ltr'>caruit</span> <span class='ocrx_word' id='word_1_216' title='bbox 264 2957 294 3011; x_wconf 93' lang='lat' dir='ltr'>id</span> <span class='ocrx_word' id='word_1_217' title='bbox 314 2959 427 3012; x_wconf 85' lang='lat' dir='ltr'>factum.</span> <span class='ocrx_word' id='word_1_218' title='bbox 464 2959 547 3012; x_wconf 79' lang='lat' dir='ltr'>Dion.</span> <span class='ocrx_word' id='word_1_219' title='bbox 561 2961 637 3019; x_wconf 60' lang='lat'><em>225.-</em></span> <span class='ocrx_word' id='word_1_220' title='bbox 666 2964 689 3010; x_wconf 77' lang='grc' dir='ltr'>οἱ</span> <span class='ocrx_word' id='word_1_221' title='bbox 709 2966 842 3028; x_wconf 77' lang='grc' dir='ltr'>συγγενεῖς</span> <span class='ocrx_word' id='word_1_222' title='bbox 861 2961 924 3023; x_wconf 77' lang='grc' dir='ltr'>μετὰ</span> <span class='ocrx_word' id='word_1_223' title='bbox 937 2964 984 3009; x_wconf 70' lang='grc' dir='ltr'>τοῦ</span> <span class='ocrx_word' id='word_1_224' title='bbox 999 2959 1093 3020; x_wconf 71' lang='grc' dir='ltr'><strong>ἀνδρὸς</strong></span> <span class='ocrx_word' id='word_1_225' title='bbox 1112 2959 1242 3022; x_wconf 70' lang='grc' dir='ltr'><strong>ἐδίκαζον,</strong></span> <span class='ocrx_word' id='word_1_226' title='bbox 1263 2987 1294 2996; x_wconf 95' lang='grc'>-</span> <span class='ocrx_word' id='word_1_227' title='bbox 1309 2963 1333 3010; x_wconf 77' lang='grc' dir='ltr'>εἰ</span> 
     </span>
     <span class='ocr_line' id='line_1_28' title="bbox 154 3042 1332 3113; baseline 0.001 -16"><span class='ocrx_word' id='word_1_228' title='bbox 154 3046 419 3113; x_wconf 61' lang='lat' dir='ltr'>sacrasanctam</span> <span class='ocrx_word' id='word_1_229' title='bbox 439 3052 533 3097; x_wconf 73' lang='grc' dir='ltr'>πιοῦσα</span> <span class='ocrx_word' id='word_1_230' title='bbox 552 3049 626 3112; x_wconf 81' lang='grc' dir='ltr'><strong>γυνή.</strong></span> <span class='ocrx_word' id='word_1_231' title='bbox 654 3044 708 3113; x_wconf 73' lang='lat' dir='ltr'>(Os.</span> <span class='ocrx_word' id='word_1_232' title='bbox 724 3051 777 3098; x_wconf 80' lang='lat' dir='ltr'>tom</span> <span class='ocrx_word' id='word_1_233' title='bbox 799 3044 817 3097; x_wconf 88' lang='lat'><em>1</em></span> <span class='ocrx_word' id='word_1_234' title='bbox 829 3046 934 3112; x_wconf 66' lang='lat' dir='ltr'>pus.)</span> <span class='ocrx_word' id='word_1_235' title='bbox 961 3043 1030 3096; x_wconf 79' lang='lat' dir='ltr'>Geli.</span> <span class='ocrx_word' id='word_1_236' title='bbox 1041 3046 1153 3109; x_wconf 76' lang='lat'><strong><em>10,23,4.</em></strong></span> <span class='ocrx_word' id='word_1_237' title='bbox 1183 3042 1256 3098; x_wconf 88' lang='lat' dir='ltr'>Dou.</span> <span class='ocrx_word' id='word_1_238' title='bbox 1274 3044 1332 3098; x_wconf 80' lang='lat' dir='ltr'>Ter.</span> 
     </span>
     <span class='ocr_line' id='line_1_29' title="bbox 154 3129 1332 3199; baseline -0.001 -13"><span class='ocrx_word' id='word_1_239' title='bbox 154 3133 318 3199; x_wconf 76' lang='lat' dir='ltr'>Eua.3,2,3.</span> <span class='ocrx_word' id='word_1_240' title='bbox 341 3162 370 3171; x_wconf 94' lang='lat'>-</span> <span class='ocrx_word' id='word_1_241' title='bbox 390 3132 418 3199; x_wconf 82' lang='grc'>2)</span> <span class='ocrx_word' id='word_1_242' title='bbox 436 3134 475 3186; x_wconf 84' lang='lat' dir='ltr'>sic</span> <span class='ocrx_word' id='word_1_243' title='bbox 487 3132 620 3197; x_wconf 58' lang='lat' dir='ltr'>traditan·</span> <span class='ocrx_word' id='word_1_244' title='bbox 641 3132 748 3187; x_wconf 87' lang='lat' dir='ltr'>duobus</span> <span class='ocrx_word' id='word_1_245' title='bbox 767 3131 866 3198; x_wconf 76' lang='lat' dir='ltr'>Scelip.</span> <span class='ocrx_word' id='word_1_246' title='bbox 885 3159 920 3171; x_wconf 91' lang='lat'>-</span> <span class='ocrx_word' id='word_1_247' title='bbox 938 3131 966 3197; x_wconf 86' lang='grc'>3)</span> <span class='ocrx_word' id='word_1_248' title='bbox 987 3129 1016 3183; x_wconf 90' lang='lat' dir='ltr'>in</span> <span class='ocrx_word' id='word_1_249' title='bbox 1037 3145 1085 3185; x_wconf 80' lang='lat' dir='ltr'>orn.</span> <span class='ocrx_word' id='word_1_250' title='bbox 1098 3129 1156 3198; x_wconf 75' lang='lat' dir='ltr'>Qu.</span> <span class='ocrx_word' id='word_1_251' title='bbox 1175 3162 1208 3168; x_wconf 88' lang='lat'>—</span> <span class='ocrx_word' id='word_1_252' title='bbox 1227 3132 1255 3199; x_wconf 75' lang='grc'>4)</span> <span class='ocrx_word' id='word_1_253' title='bbox 1273 3147 1332 3184; x_wconf 87' lang='lat' dir='ltr'>ma·</span> 
     </span>
     <span class='ocr_line' id='line_1_30' title="bbox 156 3215 1332 3288; baseline 0 -15"><span class='ocrx_word' id='word_1_254' title='bbox 156 3219 260 3276; x_wconf 88' lang='lat' dir='ltr'>ioribus</span> <span class='ocrx_word' id='word_1_255' title='bbox 278 3219 413 3276; x_wconf 87' lang='lat' dir='ltr'>ambobus</span> <span class='ocrx_word' id='word_1_256' title='bbox 434 3219 583 3288; x_wconf 83' lang='lat' dir='ltr'>(ambabus</span> <span class='ocrx_word' id='word_1_257' title='bbox 601 3219 638 3286; x_wconf 85' lang='lat' dir='ltr'>R)</span> <span class='ocrx_word' id='word_1_258' title='bbox 659 3220 784 3272; x_wconf 81' lang='lat' dir='ltr'>truditur.</span> <span class='ocrx_word' id='word_1_259' title='bbox 813 3219 887 3272; x_wconf 82' lang='lat' dir='ltr'>Ptin.</span> <span class='ocrx_word' id='word_1_260' title='bbox 905 3219 932 3272; x_wconf 81' lang='lat' dir='ltr'>d.</span> <span class='ocrx_word' id='word_1_261' title='bbox 944 3236 970 3271; x_wconf 84' lang='lat' dir='ltr'>n.</span> <span class='ocrx_word' id='word_1_262' title='bbox 984 3220 1102 3284; x_wconf 79' lang='lat'><strong><em>18,3,11.·</em></strong></span> <span class='ocrx_word' id='word_1_263' title='bbox 1120 3215 1253 3272; x_wconf 87' lang='lat' dir='ltr'>Multatio</span> <span class='ocrx_word' id='word_1_264' title='bbox 1265 3234 1332 3286; x_wconf 91' lang='lat' dir='ltr'>quo·</span> 
     </span>
     <span class='ocr_line' id='line_1_31' title="bbox 153 3302 1332 3376; baseline -0.001 -17"><span class='ocrx_word' id='word_1_265' title='bbox 153 3323 208 3376; x_wconf 89' lang='lat' dir='ltr'>que</span> <span class='ocrx_word' id='word_1_266' title='bbox 231 3323 287 3362; x_wconf 91' lang='lat' dir='ltr'>non</span> <span class='ocrx_word' id='word_1_267' title='bbox 312 3306 365 3360; x_wconf 87' lang='lat' dir='ltr'>nisi</span> <span class='ocrx_word' id='word_1_268' title='bbox 390 3307 484 3362; x_wconf 82' lang='lat' dir='ltr'>ovium</span> <span class='ocrx_word' id='word_1_269' title='bbox 506 3307 643 3375; x_wconf 86' lang='lat' dir='ltr'>boumque</span> <span class='ocrx_word' id='word_1_270' title='bbox 661 3305 805 3376; x_wconf 86' lang='lat' dir='ltr'>impendio</span> <span class='ocrx_word' id='word_1_271' title='bbox 825 3305 988 3370; x_wconf 84' lang='lat' dir='ltr'>dicebatur,</span> <span class='ocrx_word' id='word_1_272' title='bbox 1013 3323 1069 3360; x_wconf 91' lang='lat' dir='ltr'>uon</span> <span class='ocrx_word' id='word_1_273' title='bbox 1086 3302 1244 3360; x_wconf 88' lang='lat' dir='ltr'>omittenda</span> <span class='ocrx_word' id='word_1_274' title='bbox 1262 3305 1332 3374; x_wconf 89' lang='lat' dir='ltr'>pris·</span> 
     </span>
     <span class='ocr_line' id='line_1_32' title="bbox 155 3386 1332 3462; baseline 0.001 -16"><span class='ocrx_word' id='word_1_275' title='bbox 155 3408 250 3446; x_wconf 90' lang='lat' dir='ltr'>carum</span> <span class='ocrx_word' id='word_1_276' title='bbox 275 3392 369 3462; x_wconf 80' lang='lat' dir='ltr'>legum</span> <span class='ocrx_word' id='word_1_277' title='bbox 397 3393 598 3448; x_wconf 89' lang='lat' dir='ltr'>benivolentia.</span> <span class='ocrx_word' id='word_1_278' title='bbox 635 3394 755 3447; x_wconf 83' lang='lat' dir='ltr'>Cautum</span> <span class='ocrx_word' id='word_1_279' title='bbox 780 3386 884 3461; x_wconf 85' lang='lat' dir='ltr'>qnippe</span> <span class='ocrx_word' id='word_1_280' title='bbox 903 3398 953 3455; x_wconf 89' lang='lat' dir='ltr'>est,</span> <span class='ocrx_word' id='word_1_281' title='bbox 979 3409 1014 3446; x_wconf 89' lang='lat' dir='ltr'>ne</span> <span class='ocrx_word' id='word_1_282' title='bbox 1034 3391 1132 3446; x_wconf 84' lang='lat' dir='ltr'>bovem</span> <span class='ocrx_word' id='word_1_283' title='bbox 1152 3390 1228 3460; x_wconf 88' lang='lat' dir='ltr'>prius</span> <span class='ocrx_word' id='word_1_284' title='bbox 1246 3409 1332 3460; x_wconf 90' lang='lat' dir='ltr'>quam</span> 
     </span>
     <span class='ocr_line' id='line_1_33' title="bbox 153 3479 1331 3548; baseline 0 -14"><span class='ocrx_word' id='word_1_285' title='bbox 153 3496 234 3534; x_wconf 86' lang='lat' dir='ltr'>ovem</span> <span class='ocrx_word' id='word_1_286' title='bbox 254 3479 419 3541; x_wconf 85' lang='lat' dir='ltr'>nominaret,</span> <span class='ocrx_word' id='word_1_287' title='bbox 446 3480 494 3548; x_wconf 92' lang='lat' dir='ltr'>qui</span> <span class='ocrx_word' id='word_1_288' title='bbox 514 3479 649 3534; x_wconf 89' lang='lat' dir='ltr'>indiceret</span> <span class='ocrx_word' id='word_1_289' title='bbox 668 3479 796 3533; x_wconf 87' lang='lat' dir='ltr'>multam.</span> <span class='ocrx_word' id='word_1_290' title='bbox 837 3480 877 3543; x_wconf 71' lang='lat' dir='ltr'>Cf.</span> <span class='ocrx_word' id='word_1_291' title='bbox 901 3480 953 3534; x_wconf 84' lang='lat' dir='ltr'>Cic.</span> <span class='ocrx_word' id='word_1_292' title='bbox 973 3497 1058 3548; x_wconf 82' lang='lat' dir='ltr'>supra</span> <span class='ocrx_word' id='word_1_293' title='bbox 1076 3498 1102 3547; x_wconf 84' lang='lat' dir='ltr'>p.</span> <span class='ocrx_word' id='word_1_294' title='bbox 1121 3482 1155 3531; x_wconf 76' lang='lat'>12</span> <span class='ocrx_word' id='word_1_295' title='bbox 1173 3496 1197 3530; x_wconf 87' lang='lat' dir='ltr'>n.</span> <span class='ocrx_word' id='word_1_296' title='bbox 1217 3482 1236 3531; x_wconf 85' lang='lat'><strong><em>8</em></strong></span> <span class='ocrx_word' id='word_1_297' title='bbox 1254 3480 1290 3533; x_wconf 84' lang='lat' dir='ltr'>ad</span> <span class='ocrx_word' id='word_1_298' title='bbox 1307 3497 1331 3534; x_wconf 88' lang='lat' dir='ltr'>o.</span> 
     </span>
     <span class='ocr_line' id='line_1_34' title="bbox 158 3565 1330 3637; baseline 0 -17"><span class='ocrx_word' id='word_1_299' title='bbox 158 3568 306 3637; x_wconf 84' lang='lat' dir='ltr'>locupletes</span> <span class='ocrx_word' id='word_1_300' title='bbox 326 3570 369 3622; x_wconf 80' lang='lat' dir='ltr'>cit.</span> <span class='ocrx_word' id='word_1_301' title='bbox 398 3599 429 3608; x_wconf 95' lang='lat'>-</span> <span class='ocrx_word' id='word_1_302' title='bbox 458 3570 486 3637; x_wconf 86' lang='grc'>5)</span> <span class='ocrx_word' id='word_1_303' title='bbox 504 3567 552 3622; x_wconf 87' lang='lat' dir='ltr'>sed</span> <span class='ocrx_word' id='word_1_304' title='bbox 573 3568 654 3634; x_wconf 81' lang='lat' dir='ltr'>Mne,</span> <span class='ocrx_word' id='word_1_305' title='bbox 681 3582 753 3635; x_wconf 80' lang='lat' dir='ltr'>quae</span> <span class='ocrx_word' id='word_1_306' title='bbox 772 3566 840 3635; x_wconf 71' lang='lat' dir='ltr'>QR.</span> <span class='ocrx_word' id='word_1_307' title='bbox 868 3594 902 3605; x_wconf 95' lang='lat'>—</span> <span class='ocrx_word' id='word_1_308' title='bbox 925 3568 953 3634; x_wconf 87' lang='grc'>6)</span> <span class='ocrx_word' id='word_1_309' title='bbox 973 3568 1064 3635; x_wconf 90' lang='lat' dir='ltr'>coepit</span> <span class='ocrx_word' id='word_1_310' title='bbox 1083 3566 1184 3620; x_wconf 84' lang='lat' dir='ltr'>civitas</span> <span class='ocrx_word' id='word_1_311' title='bbox 1203 3565 1237 3622; x_wconf 87' lang='lat' dir='ltr'>R.</span> <span class='ocrx_word' id='word_1_312' title='bbox 1258 3567 1330 3620; x_wconf 79' lang='lat' dir='ltr'>Ptin.</span> 
     </span>
     <span class='ocr_line' id='line_1_35' title="bbox 154 3652 1331 3724; baseline -0.001 -16"><span class='ocrx_word' id='word_1_313' title='bbox 154 3656 170 3708; x_wconf 83' lang='lat' dir='ltr'>l.</span> <span class='ocrx_word' id='word_1_314' title='bbox 191 3673 229 3710; x_wconf 86' lang='lat' dir='ltr'>c:</span> <span class='ocrx_word' id='word_1_315' title='bbox 253 3653 364 3709; x_wconf 81' lang='lat' dir='ltr'>Servius</span> <span class='ocrx_word' id='word_1_316' title='bbox 388 3672 435 3710; x_wconf 82' lang='lat' dir='ltr'>rex</span> <span class='ocrx_word' id='word_1_317' title='bbox 454 3655 549 3710; x_wconf 84' lang='lat' dir='ltr'>ovium</span> <span class='ocrx_word' id='word_1_318' title='bbox 569 3655 708 3723; x_wconf 77' lang='lat' dir='ltr'>horamque</span> <span class='ocrx_word' id='word_1_319' title='bbox 727 3653 821 3724; x_wconf 81' lang='lat' dir='ltr'>effigie</span> <span class='ocrx_word' id='word_1_320' title='bbox 839 3655 946 3723; x_wconf 89' lang='lat' dir='ltr'>primus</span> <span class='ocrx_word' id='word_1_321' title='bbox 965 3671 1011 3708; x_wconf 87' lang='lat' dir='ltr'>aes</span> <span class='ocrx_word' id='word_1_322' title='bbox 1029 3652 1163 3717; x_wconf 67' lang='lat' dir='ltr'>signavit.</span> <span class='ocrx_word' id='word_1_323' title='bbox 1201 3653 1242 3705; x_wconf 84' lang='lat' dir='ltr'>Id.</span> <span class='ocrx_word' id='word_1_324' title='bbox 1262 3658 1331 3721; x_wconf 83' lang='lat'><strong><em>33,3,</em></strong></span> 
     </span>
     <span class='ocr_line' id='line_1_36' title="bbox 153 3737 1331 3810; baseline -0.003 -15"><span class='ocrx_word' id='word_1_325' title='bbox 153 3746 202 3796; x_wconf 72' lang='lat'>43:</span> <span class='ocrx_word' id='word_1_326' title='bbox 230 3741 341 3797; x_wconf 85' lang='lat' dir='ltr'>Servius</span> <span class='ocrx_word' id='word_1_327' title='bbox 367 3759 414 3796; x_wconf 86' lang='lat' dir='ltr'>rex</span> <span class='ocrx_word' id='word_1_328' title='bbox 440 3742 545 3810; x_wconf 89' lang='lat' dir='ltr'>primus</span> <span class='ocrx_word' id='word_1_329' title='bbox 569 3742 697 3809; x_wconf 72' lang='lat' dir='ltr'>signavit</span> <span class='ocrx_word' id='word_1_330' title='bbox 721 3758 780 3804; x_wconf 85' lang='lat' dir='ltr'>aes;</span> <span class='ocrx_word' id='word_1_331' title='bbox 810 3745 895 3795; x_wconf 88' lang='lat' dir='ltr'>antea</span> <span class='ocrx_word' id='word_1_332' title='bbox 914 3740 977 3794; x_wconf 90' lang='lat' dir='ltr'>rudi</span> <span class='ocrx_word' id='word_1_333' title='bbox 998 3756 1059 3794; x_wconf 88' lang='lat' dir='ltr'>usos</span> <span class='ocrx_word' id='word_1_334' title='bbox 1079 3737 1183 3794; x_wconf 87' lang='lat' dir='ltr'>Romae</span> <span class='ocrx_word' id='word_1_335' title='bbox 1201 3739 1331 3793; x_wconf 87' lang='lat' dir='ltr'>Timaeus</span> 
     </span>
     <span class='ocr_line' id='line_1_37' title="bbox 155 3826 1330 3899; baseline -0.004 -15"><span class='ocrx_word' id='word_1_336' title='bbox 155 3828 252 3884; x_wconf 88' lang='lat' dir='ltr'>tradit.</span> <span class='ocrx_word' id='word_1_337' title='bbox 290 3830 438 3899; x_wconf 78' lang='lat' dir='ltr'>Signatum</span> <span class='ocrx_word' id='word_1_338' title='bbox 457 3834 498 3883; x_wconf 87' lang='lat' dir='ltr'>est</span> <span class='ocrx_word' id='word_1_339' title='bbox 518 3832 585 3884; x_wconf 90' lang='lat' dir='ltr'>nota</span> <span class='ocrx_word' id='word_1_340' title='bbox 604 3828 753 3897; x_wconf 78' lang='lat' dir='ltr'>pecudum,</span> <span class='ocrx_word' id='word_1_341' title='bbox 781 3829 901 3882; x_wconf 89' lang='lat' dir='ltr'>undeet</span> <span class='ocrx_word' id='word_1_342' title='bbox 920 3826 1039 3898; x_wconf 89' lang='lat' dir='ltr'>pecunia</span> <span class='ocrx_word' id='word_1_343' title='bbox 1058 3826 1214 3895; x_wconf 88' lang='lat' dir='ltr'>appellata.</span> <span class='ocrx_word' id='word_1_344' title='bbox 1242 3856 1275 3864; x_wconf 91' lang='lat'>-</span> <span class='ocrx_word' id='word_1_345' title='bbox 1304 3827 1330 3894; x_wconf 80' lang='grc'>7)</span> 
     </span>
     <span class='ocr_line' id='line_1_38' title="bbox 155 3913 1328 3983; baseline -0.004 -14"><span class='ocrx_word' id='word_1_346' title='bbox 155 3914 296 3970; x_wconf 78' lang='lat' dir='ltr'>mnlctitia</span> <span class='ocrx_word' id='word_1_347' title='bbox 313 3919 373 3981; x_wconf 88' lang='lat' dir='ltr'>(om.</span> <span class='ocrx_word' id='word_1_348' title='bbox 393 3915 513 3983; x_wconf 86' lang='lat' dir='ltr'>incuria)</span> <span class='ocrx_word' id='word_1_349' title='bbox 534 3914 567 3975; x_wconf 88' lang='lat' dir='ltr'>R,</span> <span class='ocrx_word' id='word_1_350' title='bbox 588 3915 714 3968; x_wconf 80' lang='lat' dir='ltr'>multitia</span> <span class='ocrx_word' id='word_1_351' title='bbox 733 3921 783 3969; x_wconf 75' lang='lat' dir='ltr'>aaut</span> <span class='ocrx_word' id='word_1_352' title='bbox 801 3914 909 3969; x_wconf 82' lang='lat' dir='ltr'>incuria</span> <span class='ocrx_word' id='word_1_353' title='bbox 928 3916 958 3983; x_wconf 80' lang='lat' dir='ltr'>Q.</span> <span class='ocrx_word' id='word_1_354' title='bbox 988 3913 1129 3983; x_wconf 79' lang='lat' dir='ltr'>[Fortasse</span> <span class='ocrx_word' id='word_1_355' title='bbox 1147 3913 1259 3966; x_wconf 89' lang='lat' dir='ltr'>malitia</span> <span class='ocrx_word' id='word_1_356' title='bbox 1278 3915 1328 3965; x_wconf 85' lang='lat' dir='ltr'>aut</span> 
     </span>
     <span class='ocr_line' id='line_1_39' title="bbox 150 4000 1330 4071; baseline -0.003 -14"><span class='ocrx_word' id='word_1_357' title='bbox 150 4002 268 4060; x_wconf 88' lang='lat' dir='ltr'>incuria.</span> <span class='ocrx_word' id='word_1_358' title='bbox 295 4002 344 4055; x_wconf 83' lang='lat' dir='ltr'>Tu.</span> <span class='ocrx_word' id='word_1_359' title='bbox 367 4001 413 4071; x_wconf 82' lang='grc'>11.)</span> <span class='ocrx_word' id='word_1_360' title='bbox 440 4030 472 4040; x_wconf 92' lang='grc'>-</span> <span class='ocrx_word' id='word_1_361' title='bbox 496 4000 524 4069; x_wconf 89' lang='lat'>8)</span> <span class='ocrx_word' id='word_1_362' title='bbox 542 4000 708 4054; x_wconf 84' lang='lat' dir='ltr'>exstimatae</span> <span class='ocrx_word' id='word_1_363' title='bbox 728 4001 761 4056; x_wconf 84' lang='lat' dir='ltr'>R.</span> <span class='ocrx_word' id='word_1_364' title='bbox 784 4031 815 4041; x_wconf 92' lang='lat'>-·</span> <span class='ocrx_word' id='word_1_365' title='bbox 835 4004 861 4069; x_wconf 89' lang='grc'>9)</span> <span class='ocrx_word' id='word_1_366' title='bbox 882 4002 976 4056; x_wconf 83' lang='lat' dir='ltr'>uicesis</span> <span class='ocrx_word' id='word_1_367' title='bbox 996 4000 1026 4070; x_wconf 78' lang='lat' dir='ltr'>Q,</span> <span class='ocrx_word' id='word_1_368' title='bbox 1053 4001 1135 4054; x_wconf 83' lang='lat' dir='ltr'>uicies</span> <span class='ocrx_word' id='word_1_369' title='bbox 1156 4000 1190 4053; x_wconf 82' lang='lat' dir='ltr'>R.</span> <span class='ocrx_word' id='word_1_370' title='bbox 1223 4030 1256 4038; x_wconf 92' lang='lat'>-</span> <span class='ocrx_word' id='word_1_371' title='bbox 1287 4000 1330 4066; x_wconf 88' lang='grc'>10)</span> 
     </span>
     <span class='ocr_line' id='line_1_40' title="bbox 152 4087 1329 4159; baseline -0.005 -14"><span class='ocrx_word' id='word_1_372' title='bbox 152 4091 259 4159; x_wconf 86' lang='lat' dir='ltr'>pacisce</span> <span class='ocrx_word' id='word_1_373' title='bbox 276 4089 333 4144; x_wconf 86' lang='lat' dir='ltr'>cod.</span> <span class='ocrx_word' id='word_1_374' title='bbox 353 4118 387 4129; x_wconf 91' lang='lat'><em>-</em></span> <span class='ocrx_word' id='word_1_375' title='bbox 408 4090 451 4153; x_wconf 91' lang='grc'>11)</span> <span class='ocrx_word' id='word_1_376' title='bbox 471 4105 554 4158; x_wconf 88' lang='lat' dir='ltr'>paceo</span> <span class='ocrx_word' id='word_1_377' title='bbox 573 4088 629 4142; x_wconf 84' lang='lat' dir='ltr'>cod.</span> <span class='ocrx_word' id='word_1_378' title='bbox 646 4118 681 4127; x_wconf 94' lang='lat'>-</span> <span class='ocrx_word' id='word_1_379' title='bbox 702 4089 744 4157; x_wconf 82' lang='grc'>12)</span> <span class='ocrx_word' id='word_1_380' title='bbox 763 4088 864 4158; x_wconf 87' lang='lat' dir='ltr'>pelices</span> <span class='ocrx_word' id='word_1_381' title='bbox 880 4118 910 4128; x_wconf 95' lang='lat'>-</span> <span class='ocrx_word' id='word_1_382' title='bbox 929 4088 1043 4157; x_wconf 85' lang='lat' dir='ltr'>pelicem</span> <span class='ocrx_word' id='word_1_383' title='bbox 1059 4117 1091 4127; x_wconf 92' lang='lat'><em>-</em></span> <span class='ocrx_word' id='word_1_384' title='bbox 1104 4087 1184 4155; x_wconf 86' lang='lat' dir='ltr'>pelex</span> <span class='ocrx_word' id='word_1_385' title='bbox 1204 4087 1274 4140; x_wconf 83' lang='lat' dir='ltr'>libri.</span> <span class='ocrx_word' id='word_1_386' title='bbox 1296 4117 1329 4126; x_wconf 97' lang='lat'><em>-</em></span> 
     </span>
     <span class='ocr_line' id='line_1_41' title="bbox 155 4174 1166 4245; baseline -0.006 -14"><span class='ocrx_word' id='word_1_387' title='bbox 155 4177 196 4244; x_wconf 88' lang='grc'>13)</span> <span class='ocrx_word' id='word_1_388' title='bbox 216 4194 278 4231; x_wconf 83' lang='lat' dir='ltr'>eam</span> <span class='ocrx_word' id='word_1_389' title='bbox 298 4176 408 4245; x_wconf 86' lang='lat' dir='ltr'>proprie</span> <span class='ocrx_word' id='word_1_390' title='bbox 431 4175 458 4228; x_wconf 77' lang='lat' dir='ltr'>T.</span> <span class='ocrx_word' id='word_1_391' title='bbox 483 4206 514 4213; x_wconf 93' lang='lat'>-</span> <span class='ocrx_word' id='word_1_392' title='bbox 537 4177 576 4243; x_wconf 88' lang='grc'>14)</span> <span class='ocrx_word' id='word_1_393' title='bbox 596 4174 725 4228; x_wconf 86' lang='lat' dir='ltr'>acG.-</span> <span class='ocrx_word' id='word_1_394' title='bbox 747 4176 788 4244; x_wconf 83' lang='grc'>15)</span> <span class='ocrx_word' id='word_1_395' title='bbox 808 4175 849 4241; x_wconf 81' lang='lat' dir='ltr'>Of.</span> <span class='ocrx_word' id='word_1_396' title='bbox 870 4182 931 4229; x_wconf 78' lang='lat' dir='ltr'>tora</span> <span class='ocrx_word' id='word_1_397' title='bbox 953 4175 971 4227; x_wconf 87' lang='grc' dir='ltr'><em>Ι</em></span> <span class='ocrx_word' id='word_1_398' title='bbox 984 4193 1011 4242; x_wconf 84' lang='lat' dir='ltr'>p.</span> <span class='ocrx_word' id='word_1_399' title='bbox 1031 4178 1077 4239; x_wconf 64' lang='grc'>82</span> <span class='ocrx_word' id='word_1_400' title='bbox 1097 4192 1123 4227; x_wconf 85' lang='lat' dir='ltr'>n.</span> <span class='ocrx_word' id='word_1_401' title='bbox 1142 4178 1166 4226; x_wconf 86' lang='lat'>3.</span> 
     </span>
    </p>
   </div>
   <div class='ocr_carea' id='block_1_4' title="bbox 0 0 1500 5040">
    <p class='ocr_par' dir='ltr' id='par_1_8' title="bbox 0 0 1500 5040">
     <span class='ocr_line' id='line_1_42' title="bbox 0 0 1500 5040; baseline 0 3"><span class='ocrx_word' id='word_1_402' title='bbox 0 0 1500 5040; x_wconf 95' lang='lat' dir='ltr'> </span> 
     </span>
    </p>
   </div>
  </div>
 </body>
</html>
