<?xml version="1.0" encoding="UTF-8"?>
<!DOCTYPE html PUBLIC "-//W3C//DTD XHTML 1.0 Transitional//EN"
    "http://www.w3.org/TR/xhtml1/DTD/xhtml1-transitional.dtd">
<html xmlns="http://www.w3.org/1999/xhtml" xml:lang="en" lang="en">
 <head>
  <title>
</title>
<meta http-equiv="Content-Type" content="text/html;charset=utf-8" />
  <meta name='ocr-system' content='tesseract 3.04.00' />
  <meta name='ocr-capabilities' content='ocr_page ocr_carea ocr_par ocr_line ocrx_word'/>
</head>
<body>
  <div class='ocr_page' id='page_1' title='image "./fontesiurisroma03brungoog_0240.png"; bbox 0 0 2992 5040; ppageno 0'>
   <div class='ocr_carea' id='block_1_1' title="bbox 152 332 895 402">
    <p class='ocr_par' dir='ltr' id='par_1_1' title="bbox 152 332 895 402">
     <span class='ocr_line' id='line_1_1' title="bbox 152 332 895 402; baseline -0.024 0"><span class='ocrx_word' id='word_1_1' title='bbox 152 334 217 402; x_wconf 81' lang='grc'>202</span> <span class='ocrx_word' id='word_1_2' title='bbox 605 332 705 387; x_wconf 85' lang='lat' dir='ltr'>Edicta</span> <span class='ocrx_word' id='word_1_3' title='bbox 723 335 895 400; x_wconf 85' lang='lat' dir='ltr'>praetorum.</span> 
     </span>
    </p>
   </div>
   <div class='ocr_carea' id='block_1_2' title="bbox 153 505 1339 910">
    <p class='ocr_par' dir='ltr' id='par_1_2' title="bbox 153 505 1339 910">
     <span class='ocr_line' id='line_1_2' title="bbox 153 505 1339 595; baseline -0.004 -20"><span class='ocrx_word' id='word_1_4' title='bbox 153 510 239 594; x_wconf 78' lang='lat' dir='ltr'>rum)</span> <span class='ocrx_word' id='word_1_5' title='bbox 271 515 385 595; x_wconf 87' lang='lat' dir='ltr'>sponte</span> <span class='ocrx_word' id='word_1_6' title='bbox 417 510 456 574; x_wconf 89' lang='lat' dir='ltr'>ad</span> <span class='ocrx_word' id='word_1_7' title='bbox 487 508 699 573; x_wconf 85' lang='lat' dir='ltr'>dimicandum</span> <span class='ocrx_word' id='word_1_8' title='bbox 734 505 946 590; x_wconf 84' lang='lat' dir='ltr'>profitebitur,</span> <span class='ocrx_word' id='word_1_9' title='bbox 971 527 1042 570; x_wconf 86' lang='lat' dir='ltr'>oum</span> <span class='ocrx_word' id='word_1_10' title='bbox 1066 505 1183 570; x_wconf 86' lang='lat' dir='ltr'>habeat</span> <span class='ocrx_word' id='word_1_11' title='bbox 1205 527 1244 570; x_wconf 84' lang='lat' dir='ltr'>ex</span> <span class='ocrx_word' id='word_1_12' title='bbox 1267 505 1339 591; x_wconf 77' lang='lat' dir='ltr'>lege</span> 
     </span>
     <span class='ocr_line' id='line_1_3' title="bbox 153 609 1338 700; baseline -0.005 -20"><span class='ocrx_word' id='word_1_13' title='bbox 153 617 292 700; x_wconf 88' lang='lat' dir='ltr'>pretium</span> <span class='ocrx_word' id='word_1_14' title='bbox 313 617 375 679; x_wconf 93' lang='lat' dir='ltr'>duo</span> <span class='ocrx_word' id='word_1_15' title='bbox 393 615 492 692; x_wconf 83' lang='lat' dir='ltr'>milia,</span> <span class='ocrx_word' id='word_1_16' title='bbox 509 613 665 678; x_wconf 86' lang='lat' dir='ltr'>liberatus</span> <span class='ocrx_word' id='word_1_17' title='bbox 682 613 708 676; x_wconf 87' lang='lat' dir='ltr'>si</span> <span class='ocrx_word' id='word_1_18' title='bbox 725 610 968 693; x_wconf 81' lang='lat' dir='ltr'>dissri(⁸³)men</span> <span class='ocrx_word' id='word_1_19' title='bbox 984 609 1223 689; x_wconf 80' lang='lat' dir='ltr'>instauraverit,</span> <span class='ocrx_word' id='word_1_20' title='bbox 1239 612 1338 675; x_wconf 84' lang='lat' dir='ltr'>aesti-</span> 
     </span>
     <span class='ocr_line' id='line_1_4' title="bbox 155 714 1337 804; baseline -0.005 -20"><span class='ocrx_word' id='word_1_21' title='bbox 155 721 254 786; x_wconf 85' lang='lat' dir='ltr'>matio</span> <span class='ocrx_word' id='word_1_22' title='bbox 284 720 351 784; x_wconf 86' lang='lat' dir='ltr'>eius</span> <span class='ocrx_word' id='word_1_23' title='bbox 384 725 457 804; x_wconf 82' lang='lat' dir='ltr'>post</span> <span class='ocrx_word' id='word_1_24' title='bbox 481 720 541 784; x_wconf 85' lang='lat' dir='ltr'>han</span> <span class='ocrx_word' id='word_1_25' title='bbox 566 714 777 803; x_wconf 77' lang='lat' dir='ltr'>(sestertium)</span> <span class='ocrx_word' id='word_1_26' title='bbox 802 715 866 781; x_wconf 86' lang='grc' dir='ltr'>ΧΠ</span> <span class='ocrx_word' id='word_1_27' title='bbox 891 715 1007 800; x_wconf 82' lang='lat' dir='ltr'>(milia)</span> <span class='ocrx_word' id='word_1_28' title='bbox 1032 735 1094 779; x_wconf 91' lang='lat' dir='ltr'>non</span> <span class='ocrx_word' id='word_1_29' title='bbox 1119 716 1258 780; x_wconf 76' lang='lat' dir='ltr'>excedat.</span> <span class='ocrx_word' id='word_1_30' title='bbox 1306 715 1337 781; x_wconf 84' lang='lat' dir='ltr'>Is</span> 
     </span>
     <span class='ocr_line' id='line_1_5' title="bbox 154 820 1336 910; baseline -0.003 -21"><span class='ocrx_word' id='word_1_31' title='bbox 154 847 280 910; x_wconf 80' lang='lat' dir='ltr'>qnoque</span> <span class='ocrx_word' id='word_1_32' title='bbox 298 825 353 909; x_wconf 91' lang='lat' dir='ltr'>qui</span> <span class='ocrx_word' id='word_1_33' title='bbox 369 825 474 889; x_wconf 88' lang='lat' dir='ltr'>senior</span> <span class='ocrx_word' id='word_1_34' title='bbox 490 829 587 908; x_wconf 86' lang='lat' dir='ltr'>atque</span> <span class='ocrx_word' id='word_1_35' title='bbox 602 822 753 887; x_wconf 88' lang='lat' dir='ltr'>inabilior</span> <span class='ocrx_word' id='word_1_36' title='bbox 769 844 897 905; x_wconf 83' lang='lat' dir='ltr'>opernm</span> <span class='ocrx_word' id='word_1_37' title='bbox 914 843 1004 885; x_wconf 86' lang='lat' dir='ltr'>snam</span> <span class='ocrx_word' id='word_1_38' title='bbox 1020 821 1124 884; x_wconf 86' lang='lat' dir='ltr'>denuo</span> <span class='ocrx_word' id='word_1_39' title='bbox 1139 820 1211 900; x_wconf 78' lang='lat'><strong>(⁶⁴)</strong></span> <span class='ocrx_word' id='word_1_40' title='bbox 1228 871 1235 885; x_wconf 89' lang='lat'>.</span> <span class='ocrx_word' id='word_1_41' title='bbox 1254 871 1261 885; x_wconf 89' lang='lat'><strong>.</strong></span> <span class='ocrx_word' id='word_1_42' title='bbox 1282 873 1287 884; x_wconf 95' lang='lat'>.</span> <span class='ocrx_word' id='word_1_43' title='bbox 1307 872 1336 885; x_wconf 92' lang='lat'>..</span> 
     </span>
    </p>
   </div>
   <div class='ocr_carea' id='block_1_3' title="bbox 429 998 1065 1075">
    <p class='ocr_par' dir='ltr' id='par_1_3' title="bbox 429 998 1065 1075">
     <span class='ocr_line' id='line_1_6' title="bbox 429 998 1065 1075; baseline -0.011 -8"><span class='ocrx_word' id='word_1_44' title='bbox 429 1003 480 1067; x_wconf 81' lang='lat'>61.</span> <span class='ocrx_word' id='word_1_45' title='bbox 512 1000 576 1066; x_wconf 82' lang='lat' dir='ltr'>SC.</span> <span class='ocrx_word' id='word_1_46' title='bbox 601 999 914 1075; x_wconf 79' lang='lat' dir='ltr'>Orfitianum,</span> <span class='ocrx_word' id='word_1_47' title='bbox 940 1021 967 1062; x_wconf 84' lang='lat' dir='ltr'>a.</span> <span class='ocrx_word' id='word_1_48' title='bbox 993 998 1065 1061; x_wconf 81' lang='lat'>178.</span> 
     </span>
    </p>
   </div>
   <div class='ocr_carea' id='block_1_4' title="bbox 153 1135 1338 1690">
    <p class='ocr_par' dir='ltr' id='par_1_4' title="bbox 153 1135 1338 1690">
     <span class='ocr_line' id='line_1_7' title="bbox 233 1135 1337 1212; baseline -0.004 -16"><span class='ocrx_word' id='word_1_49' title='bbox 233 1139 283 1209; x_wconf 87' lang='lat' dir='ltr'>(D.</span> <span class='ocrx_word' id='word_1_50' title='bbox 302 1141 423 1206; x_wconf 81' lang='lat'><strong><em>38‚17‚1</em></strong></span> <span class='ocrx_word' id='word_1_51' title='bbox 442 1157 492 1212; x_wconf 84' lang='lat' dir='ltr'>pr.</span> <span class='ocrx_word' id='word_1_52' title='bbox 516 1141 595 1196; x_wconf 58' lang='lat'>912.</span> <span class='ocrx_word' id='word_1_53' title='bbox 628 1138 673 1210; x_wconf 73' lang='lat' dir='ltr'>Cf,</span> <span class='ocrx_word' id='word_1_54' title='bbox 696 1138 784 1203; x_wconf 58' lang='grc' dir='ltr'>[ΞΜ</span> <span class='ocrx_word' id='word_1_55' title='bbox 800 1154 868 1209; x_wconf 73' lang='lat' dir='ltr'>pn:</span> <span class='ocrx_word' id='word_1_56' title='bbox 890 1139 925 1192; x_wconf 89' lang='lat' dir='ltr'>ut</span> <span class='ocrx_word' id='word_1_57' title='bbox 946 1135 1031 1194; x_wconf 81' lang='lat' dir='ltr'>liberi</span> <span class='ocrx_word' id='word_1_58' title='bbox 1053 1135 1089 1193; x_wconf 91' lang='lat' dir='ltr'>ad</span> <span class='ocrx_word' id='word_1_59' title='bbox 1112 1136 1189 1194; x_wconf 83' lang='lat' dir='ltr'>hona</span> <span class='ocrx_word' id='word_1_60' title='bbox 1205 1139 1337 1193; x_wconf 84' lang='lat' dir='ltr'>matrum</span> 
     </span>
     <span class='ocr_line' id='line_1_8' title="bbox 154 1230 1337 1306; baseline -0.002 -16"><span class='ocrx_word' id='word_1_61' title='bbox 154 1235 363 1292; x_wconf 84' lang='lat' dir='ltr'>intestatorum</span> <span class='ocrx_word' id='word_1_62' title='bbox 386 1233 602 1297; x_wconf 84' lang='lat' dir='ltr'>admittantur.</span> <span class='ocrx_word' id='word_1_63' title='bbox 635 1231 709 1291; x_wconf 70' lang='lat' dir='ltr'>Sero</span> <span class='ocrx_word' id='word_1_64' title='bbox 731 1230 874 1290; x_wconf 89' lang='lat' dir='ltr'>Orfitiano</span> <span class='ocrx_word' id='word_1_65' title='bbox 897 1231 1031 1289; x_wconf 83' lang='lat' dir='ltr'>effectum</span> <span class='ocrx_word' id='word_1_66' title='bbox 1055 1234 1112 1299; x_wconf 87' lang='lat' dir='ltr'>est,</span> <span class='ocrx_word' id='word_1_67' title='bbox 1140 1230 1221 1306; x_wconf 92' lang='lat' dir='ltr'>quod</span> <span class='ocrx_word' id='word_1_68' title='bbox 1241 1231 1337 1289; x_wconf 87' lang='lat' dir='ltr'>latum</span> 
     </span>
     <span class='ocr_line' id='line_1_9' title="bbox 153 1327 1338 1402; baseline -0.003 -14"><span class='ocrx_word' id='word_1_69' title='bbox 153 1332 199 1388; x_wconf 84' lang='lat' dir='ltr'>est</span> <span class='ocrx_word' id='word_1_70' title='bbox 219 1329 313 1390; x_wconf 86' lang='lat' dir='ltr'>Orfito</span> <span class='ocrx_word' id='word_1_71' title='bbox 339 1334 369 1388; x_wconf 89' lang='lat' dir='ltr'>et</span> <span class='ocrx_word' id='word_1_72' title='bbox 390 1329 469 1388; x_wconf 84' lang='lat' dir='ltr'>Rufo</span> <span class='ocrx_word' id='word_1_73' title='bbox 490 1348 546 1389; x_wconf 85' lang='lat' dir='ltr'>eos.</span> <span class='ocrx_word' id='word_1_74' title='bbox 570 1328 630 1388; x_wconf 87' lang='lat' dir='ltr'>divi</span> <span class='ocrx_word' id='word_1_75' title='bbox 653 1327 743 1387; x_wconf 83' lang='lat' dir='ltr'>Marsi</span> <span class='ocrx_word' id='word_1_76' title='bbox 764 1327 956 1402; x_wconf 78' lang='lat' dir='ltr'>temporibus,</span> <span class='ocrx_word' id='word_1_77' title='bbox 1003 1328 1137 1387; x_wconf 81' lang='lat' dir='ltr'>Codicem</span> <span class='ocrx_word' id='word_1_78' title='bbox 1159 1329 1246 1386; x_wconf 78' lang='lat' dir='ltr'>Flor.</span> <span class='ocrx_word' id='word_1_79' title='bbox 1270 1347 1338 1386; x_wconf 86' lang='lat' dir='ltr'>eon·</span> 
     </span>
     <span class='ocr_line' id='line_1_10' title="bbox 153 1424 1338 1501; baseline -0.002 -18"><span class='ocrx_word' id='word_1_80' title='bbox 153 1431 266 1485; x_wconf 81' lang='lat' dir='ltr'>stanter</span> <span class='ocrx_word' id='word_1_81' title='bbox 286 1428 412 1485; x_wconf 74' lang='lat' dir='ltr'>seribere</span> <span class='ocrx_word' id='word_1_82' title='bbox 426 1426 634 1501; x_wconf 79' lang='lat' dir='ltr'>Orphitianum</span> <span class='ocrx_word' id='word_1_83' title='bbox 655 1430 752 1483; x_wconf 87' lang='lat' dir='ltr'>monet</span> <span class='ocrx_word' id='word_1_84' title='bbox 766 1426 828 1482; x_wconf 82' lang='lat' dir='ltr'>Mo.</span> <span class='ocrx_word' id='word_1_85' title='bbox 840 1459 876 1467; x_wconf 83' lang='lat'>—</span> <span class='ocrx_word' id='word_1_86' title='bbox 895 1425 1042 1499; x_wconf 80' lang='lat' dir='ltr'>Ulpianus</span> <span class='ocrx_word' id='word_1_87' title='bbox 1064 1426 1083 1484; x_wconf 86' lang='lat' dir='ltr'>l.</span> <span class='ocrx_word' id='word_1_88' title='bbox 1103 1424 1178 1482; x_wconf 81' lang='lat' dir='ltr'>XII</span> <span class='ocrx_word' id='word_1_89' title='bbox 1193 1425 1234 1482; x_wconf 83' lang='lat' dir='ltr'>ud</span> <span class='ocrx_word' id='word_1_90' title='bbox 1252 1426 1338 1484; x_wconf 70' lang='lat' dir='ltr'>Sani-</span> 
     </span>
     <span class='ocr_line' id='line_1_11' title="bbox 154 1518 1337 1597; baseline -0.001 -19"><span class='ocrx_word' id='word_1_91' title='bbox 154 1540 242 1579; x_wconf 85' lang='lat' dir='ltr'>num:</span> <span class='ocrx_word' id='word_1_92' title='bbox 262 1520 329 1579; x_wconf 86' lang='lat' dir='ltr'>Sive</span> <span class='ocrx_word' id='word_1_93' title='bbox 351 1522 481 1597; x_wconf 82' lang='lat' dir='ltr'>ingenua</span> <span class='ocrx_word' id='word_1_94' title='bbox 502 1520 714 1581; x_wconf 85' lang='lat' dir='ltr'>sivelihertina</span> <span class='ocrx_word' id='word_1_95' title='bbox 733 1522 827 1577; x_wconf 72' lang='lat' dir='ltr'>instet·</span> <span class='ocrx_word' id='word_1_96' title='bbox 841 1524 894 1589; x_wconf 86' lang='lat' dir='ltr'>est,</span> <span class='ocrx_word' id='word_1_97' title='bbox 916 1519 1034 1578; x_wconf 84' lang='lat' dir='ltr'>admitti</span> <span class='ocrx_word' id='word_1_98' title='bbox 1052 1525 1176 1594; x_wconf 81' lang='lat' dir='ltr'>possunt</span> <span class='ocrx_word' id='word_1_99' title='bbox 1193 1518 1281 1577; x_wconf 88' lang='lat' dir='ltr'>liberi</span> <span class='ocrx_word' id='word_1_100' title='bbox 1300 1519 1337 1577; x_wconf 88' lang='lat' dir='ltr'>ad</span> 
     </span>
     <span class='ocr_line' id='line_1_12' title="bbox 154 1614 857 1690; baseline 0 -17"><span class='ocrx_word' id='word_1_101' title='bbox 154 1614 347 1674; x_wconf 76' lang='lat' dir='ltr'>hereditatam</span> <span class='ocrx_word' id='word_1_102' title='bbox 365 1616 429 1674; x_wconf 89' lang='lat' dir='ltr'>eius</span> <span class='ocrx_word' id='word_1_103' title='bbox 450 1635 485 1674; x_wconf 85' lang='lat' dir='ltr'>ex</span> <span class='ocrx_word' id='word_1_104' title='bbox 506 1615 581 1675; x_wconf 75' lang='lat' dir='ltr'>soro</span> <span class='ocrx_word' id='word_1_105' title='bbox 602 1614 784 1690; x_wconf 83' lang='lat' dir='ltr'>Orphitiano.</span> <span class='ocrx_word' id='word_1_106' title='bbox 808 1616 857 1687; x_wconf 85' lang='grc'>--)</span> 
     </span>
    </p>
   </div>
   <div class='ocr_carea' id='block_1_5' title="bbox 155 1711 1339 1902">
    <p class='ocr_par' dir='ltr' id='par_1_5' title="bbox 155 1711 1339 1902">
     <span class='ocr_line' id='line_1_13' title="bbox 328 1711 1338 1797; baseline -0.002 -19.157"><span class='ocrx_word' id='word_1_107' title='bbox 328 1711 478 1777; x_wconf 79' lang='lat' dir='ltr'>sinemo</span> <span class='ocrx_word' id='word_1_108' title='bbox 502 1711 642 1777; x_wconf 87' lang='lat' dir='ltr'>filiorum</span> <span class='ocrx_word' id='word_1_109' title='bbox 666 1733 824 1787; x_wconf 78' lang='lat' dir='ltr'>eorumve,</span> <span class='ocrx_word' id='word_1_110' title='bbox 849 1711 964 1796; x_wconf 89' lang='lat' dir='ltr'>quibus</span> <span class='ocrx_word' id='word_1_111' title='bbox 988 1712 1085 1777; x_wconf 86' lang='lat' dir='ltr'>simul</span> <span class='ocrx_word' id='word_1_112' title='bbox 1111 1712 1256 1797; x_wconf 83' lang='lat' dir='ltr'>legitima</span> <span class='ocrx_word' id='word_1_113' title='bbox 1281 1714 1338 1777; x_wconf 90' lang='lat' dir='ltr'>he·</span> 
     </span>
     <span class='ocr_line' id='line_1_14' title="bbox 155 1816 1339 1902; baseline 0.001 -23"><span class='ocrx_word' id='word_1_114' title='bbox 155 1817 273 1882; x_wconf 81' lang='lat' dir='ltr'>reditas</span> <span class='ocrx_word' id='word_1_115' title='bbox 307 1817 467 1895; x_wconf 86' lang='lat' dir='ltr'>defertur,</span> <span class='ocrx_word' id='word_1_116' title='bbox 501 1817 587 1882; x_wconf 87' lang='lat' dir='ltr'>volet</span> <span class='ocrx_word' id='word_1_117' title='bbox 618 1820 655 1881; x_wconf 90' lang='lat' dir='ltr'>ad</span> <span class='ocrx_word' id='word_1_118' title='bbox 690 1841 723 1881; x_wconf 86' lang='lat' dir='ltr'>se</span> <span class='ocrx_word' id='word_1_119' title='bbox 754 1840 823 1882; x_wconf 83' lang='lat' dir='ltr'>eam</span> <span class='ocrx_word' id='word_1_120' title='bbox 856 1816 1066 1881; x_wconf 85' lang='lat' dir='ltr'>hereditatem</span> <span class='ocrx_word' id='word_1_121' title='bbox 1097 1819 1265 1902; x_wconf 79' lang='lat' dir='ltr'>pertinere,</span> <span class='ocrx_word' id='word_1_122' title='bbox 1289 1818 1339 1881; x_wconf 82' lang='lat' dir='ltr'>ins</span> 
     </span>
    </p>
   </div>
   <div class='ocr_carea' id='block_1_6' title="bbox 154 1922 468 2102">
    <p class='ocr_par' dir='ltr' id='par_1_6' title="bbox 154 1922 468 2102">
     <span class='ocr_line' id='line_1_15' title="bbox 154 1922 423 2006; baseline 0.015 -22"><span class='ocrx_word' id='word_1_123' title='bbox 154 1922 322 2006; x_wconf 79' lang='lat' dir='ltr'>antiquum</span> <span class='ocrx_word' id='word_1_124' title='bbox 346 1926 423 1988; x_wconf 77' lang='lat' dir='ltr'>esto,</span> 
     </span>
     <span class='ocr_line' id='line_1_16' title="bbox 235 2027 468 2102; baseline -0.004 -17"><span class='ocrx_word' id='word_1_125' title='bbox 235 2027 300 2102; x_wconf 83' lang='lat' dir='ltr'>(Ait</span> <span class='ocrx_word' id='word_1_126' title='bbox 320 2030 440 2085; x_wconf 86' lang='lat' dir='ltr'>senatus</span> <span class='ocrx_word' id='word_1_127' title='bbox 448 2028 468 2100; x_wconf 83' lang='lat' dir='ltr'>z)</span> 
     </span>
    </p>
   </div>
   <div class='ocr_carea' id='block_1_7' title="bbox 178 2124 1324 2209">
    <p class='ocr_par' dir='ltr' id='par_1_7' title="bbox 178 2124 1324 2209">
     <span class='ocr_line' id='line_1_17' title="bbox 178 2124 1324 2209; baseline 0.001 -22"><span class='ocrx_word' id='word_1_128' title='bbox 178 2174 186 2187; x_wconf 89' lang='lat'><strong>.</strong></span> <span class='ocrx_word' id='word_1_129' title='bbox 212 2175 219 2188; x_wconf 92' lang='lat'>.</span> <span class='ocrx_word' id='word_1_130' title='bbox 247 2176 252 2188; x_wconf 91' lang='lat'>.</span> <span class='ocrx_word' id='word_1_131' title='bbox 279 2147 362 2209; x_wconf 85' lang='lat' dir='ltr'>quae</span> <span class='ocrx_word' id='word_1_132' title='bbox 383 2125 524 2188; x_wconf 84' lang='lat' dir='ltr'>iudicata</span> <span class='ocrx_word' id='word_1_133' title='bbox 546 2129 710 2188; x_wconf 84' lang='lat' dir='ltr'>transacto</span> <span class='ocrx_word' id='word_1_134' title='bbox 733 2124 864 2188; x_wconf 85' lang='lat' dir='ltr'>finitave</span> <span class='ocrx_word' id='word_1_135' title='bbox 887 2128 972 2201; x_wconf 78' lang='lat' dir='ltr'>sunt,</span> <span class='ocrx_word' id='word_1_136' title='bbox 997 2130 1068 2189; x_wconf 85' lang='lat' dir='ltr'>ruta</span> <span class='ocrx_word' id='word_1_137' title='bbox 1091 2129 1241 2188; x_wconf 86' lang='lat' dir='ltr'>maneant</span> <span class='ocrx_word' id='word_1_138' title='bbox 1267 2175 1324 2188; x_wconf 90' lang='lat'>...</span> 
     </span>
    </p>
   </div>
   <div class='ocr_carea' id='block_1_8' title="bbox 567 2668 914 2945">
    <p class='ocr_par' dir='ltr' id='par_1_8' title="bbox 567 2668 914 2945">
     <span class='ocr_line' id='line_1_18' title="bbox 615 2668 860 2740; baseline -0.008 0"><span class='ocrx_word' id='word_1_139' title='bbox 615 2669 771 2740; x_wconf 75' lang='lat' dir='ltr'>CAPUT</span> <span class='ocrx_word' id='word_1_140' title='bbox 800 2668 860 2738; x_wconf 76' lang='lat' dir='ltr'>vt.</span> 
     </span>
     <span class='ocr_line' id='line_1_19' title="bbox 567 2864 914 2945; baseline 0.006 -3"><span class='ocrx_word' id='word_1_141' title='bbox 567 2866 593 2942; x_wconf 85' lang='grc' dir='ltr'>Ε</span> <span class='ocrx_word' id='word_1_142' title='bbox 630 2866 656 2943; x_wconf 84' lang='lat' dir='ltr'>D</span> <span class='ocrx_word' id='word_1_143' title='bbox 695 2866 704 2942; x_wconf 98' lang='grc' dir='ltr'>Ι</span> <span class='ocrx_word' id='word_1_144' title='bbox 744 2864 770 2945; x_wconf 80' lang='lat'>0</span> <span class='ocrx_word' id='word_1_145' title='bbox 808 2866 836 2944; x_wconf 88' lang='grc' dir='ltr'>Τ</span> <span class='ocrx_word' id='word_1_146' title='bbox 873 2866 914 2944; x_wconf 86' lang='grc' dir='ltr'>Α.</span> 
     </span>
    </p>
   </div>
   <div class='ocr_carea' id='block_1_9' title="bbox 262 3086 1241 3291">
    <p class='ocr_par' dir='ltr' id='par_1_9' title="bbox 262 3086 1241 3291">
     <span class='ocr_line' id='line_1_20' title="bbox 262 3086 1241 3168; baseline -0.004 -15"><span class='ocrx_word' id='word_1_147' title='bbox 262 3090 313 3153; x_wconf 88' lang='grc'>62.</span> <span class='ocrx_word' id='word_1_148' title='bbox 351 3087 545 3151; x_wconf 77' lang='lat' dir='ltr'>Edictum</span> <span class='ocrx_word' id='word_1_149' title='bbox 571 3089 812 3168; x_wconf 83' lang='lat' dir='ltr'>perpetuum</span> <span class='ocrx_word' id='word_1_150' title='bbox 838 3086 1058 3168; x_wconf 87' lang='lat' dir='ltr'>praetoris</span> <span class='ocrx_word' id='word_1_151' title='bbox 1085 3086 1241 3150; x_wconf 82' lang='lat' dir='ltr'>urbani.</span> 
     </span>
     <span class='ocr_line' id='line_1_21' title="bbox 579 3221 924 3291; baseline 0.009 -17"><span class='ocrx_word' id='word_1_152' title='bbox 579 3222 752 3291; x_wconf 82' lang='lat' dir='ltr'>Recognovit</span> <span class='ocrx_word' id='word_1_153' title='bbox 772 3221 802 3276; x_wconf 90' lang='grc' dir='ltr'>Ο.</span> <span class='ocrx_word' id='word_1_154' title='bbox 824 3223 924 3278; x_wconf 82' lang='lat' dir='ltr'>Lensn.</span> 
     </span>
    </p>
   </div>
   <div class='ocr_carea' id='block_1_10' title="bbox 156 3346 1343 4464">
    <p class='ocr_par' dir='ltr' id='par_1_10' title="bbox 156 3346 1343 4464">
     <span class='ocr_line' id='line_1_22' title="bbox 226 3346 1341 3418; baseline 0.001 -17"><span class='ocrx_word' id='word_1_155' title='bbox 226 3348 335 3401; x_wconf 77' lang='lat' dir='ltr'>‘Edicto</span> <span class='ocrx_word' id='word_1_156' title='bbox 352 3354 522 3414; x_wconf 81' lang='lat' dir='ltr'>praetorum,</span> <span class='ocrx_word' id='word_1_157' title='bbox 548 3361 616 3413; x_wconf 69' lang='lat' dir='ltr'>perne</span> <span class='ocrx_word' id='word_1_158' title='bbox 632 3351 784 3412; x_wconf 81' lang='lat' dir='ltr'>supersunt,</span> <span class='ocrx_word' id='word_1_159' title='bbox 808 3346 863 3407; x_wconf 72' lang='lat' dir='ltr'>fere</span> <span class='ocrx_word' id='word_1_160' title='bbox 882 3348 972 3399; x_wconf 81' lang='lat' dir='ltr'>omnia</span> <span class='ocrx_word' id='word_1_161' title='bbox 991 3347 1143 3400; x_wconf 78' lang='lat' dir='ltr'>Iustiniani</span> <span class='ocrx_word' id='word_1_162' title='bbox 1167 3347 1246 3402; x_wconf 77' lang='lat' dir='ltr'>libn&#39;s</span> <span class='ocrx_word' id='word_1_163' title='bbox 1270 3351 1341 3418; x_wconf 68' lang='lat' dir='ltr'>dipr-</span> 
     </span>
     <span class='ocr_line' id='line_1_23' title="bbox 156 3433 1343 3505; baseline 0.002 -16"><span class='ocrx_word' id='word_1_164' title='bbox 156 3442 266 3489; x_wconf 82' lang='lat' dir='ltr'>‘storum</span> <span class='ocrx_word' id='word_1_165' title='bbox 285 3434 386 3488; x_wconf 82' lang='lat' dir='ltr'>tradito</span> <span class='ocrx_word' id='word_1_166' title='bbox 404 3440 484 3489; x_wconf 83' lang='lat' dir='ltr'>sunt:</span> <span class='ocrx_word' id='word_1_167' title='bbox 501 3448 637 3500; x_wconf 78' lang='lat' dir='ltr'>perpauca</span> <span class='ocrx_word' id='word_1_168' title='bbox 655 3439 759 3485; x_wconf 71' lang='lat' dir='ltr'>inertum</span> <span class='ocrx_word' id='word_1_169' title='bbox 781 3433 905 3487; x_wconf 79' lang='lat' dir='ltr'>Cicerone</span> <span class='ocrx_word' id='word_1_170' title='bbox 918 3434 999 3488; x_wconf 84' lang='lat' dir='ltr'>Festo</span> <span class='ocrx_word' id='word_1_171' title='bbox 1018 3438 1087 3490; x_wconf 73' lang='lat' dir='ltr'>aliis.</span> <span class='ocrx_word' id='word_1_172' title='bbox 1115 3437 1343 3505; x_wconf 72' lang='lat' dir='ltr'>Issoriptr&#39;onibns</span> 
     </span>
     <span class='ocr_line' id='line_1_24' title="bbox 159 3518 1343 3591; baseline 0.001 -16"><span class='ocrx_word' id='word_1_173' title='bbox 159 3523 234 3575; x_wconf 78' lang='lat' dir='ltr'>&#39;nihil</span> <span class='ocrx_word' id='word_1_174' title='bbox 253 3523 290 3574; x_wconf 81' lang='lat' dir='ltr'>nd</span> <span class='ocrx_word' id='word_1_175' title='bbox 307 3538 356 3574; x_wconf 88' lang='lat' dir='ltr'>nos</span> <span class='ocrx_word' id='word_1_176' title='bbox 372 3523 499 3589; x_wconf 75' lang='lat' dir='ltr'>peruenit.</span> <span class='ocrx_word' id='word_1_177' title='bbox 537 3520 571 3572; x_wconf 78' lang='lat' dir='ltr'>ln</span> <span class='ocrx_word' id='word_1_178' title='bbox 592 3518 713 3587; x_wconf 70' lang='lat' dir='ltr'>Dr&#39;pestia</span> <span class='ocrx_word' id='word_1_179' title='bbox 731 3527 820 3574; x_wconf 68' lang='lat' dir='ltr'>nectent</span> <span class='ocrx_word' id='word_1_180' title='bbox 839 3529 989 3589; x_wconf 73' lang='lat' dir='ltr'>quaesunt</span> <span class='ocrx_word' id='word_1_181' title='bbox 1007 3523 1093 3576; x_wconf 79' lang='lat' dir='ltr'>edicta</span> <span class='ocrx_word' id='word_1_182' title='bbox 1107 3524 1229 3591; x_wconf 77' lang='lat' dir='ltr'>plnn&#39;rna</span> <span class='ocrx_word' id='word_1_183' title='bbox 1248 3541 1281 3577; x_wconf 76' lang='lat' dir='ltr'>es·</span> <span class='ocrx_word' id='word_1_184' title='bbox 1296 3524 1343 3579; x_wconf 86' lang='lat' dir='ltr'>Ul·</span> 
     </span>
     <span class='ocr_line' id='line_1_25' title="bbox 157 3607 1343 3678; baseline 0.002 -16"><span class='ocrx_word' id='word_1_185' title='bbox 157 3611 244 3678; x_wconf 77' lang='lat' dir='ltr'>·pr‘anr&#39;</span> <span class='ocrx_word' id='word_1_186' title='bbox 260 3609 297 3661; x_wconf 84' lang='lat' dir='ltr'>nd</span> <span class='ocrx_word' id='word_1_187' title='bbox 315 3608 428 3660; x_wconf 82' lang='lat' dir='ltr'>edictum</span> <span class='ocrx_word' id='word_1_188' title='bbox 448 3607 524 3660; x_wconf 80' lang='lat' dir='ltr'>libris</span> <span class='ocrx_word' id='word_1_189' title='bbox 541 3613 644 3675; x_wconf 72' lang='lat' dir='ltr'>recepta</span> <span class='ocrx_word' id='word_1_190' title='bbox 662 3614 734 3672; x_wconf 80' lang='lat' dir='ltr'>snrrt,</span> <span class='ocrx_word' id='word_1_191' title='bbox 763 3625 837 3675; x_wconf 68' lang='lat' dir='ltr'>quem</span> <span class='ocrx_word' id='word_1_192' title='bbox 858 3616 962 3663; x_wconf 78' lang='lat' dir='ltr'>rorrstnt</span> <span class='ocrx_word' id='word_1_193' title='bbox 981 3627 1033 3663; x_wconf 89' lang='lat' dir='ltr'>non</span> <span class='ocrx_word' id='word_1_194' title='bbox 1052 3613 1170 3678; x_wconf 68' lang='lat' dir='ltr'>peruiam</span> <span class='ocrx_word' id='word_1_195' title='bbox 1189 3618 1276 3665; x_wconf 82' lang='lat' dir='ltr'>uetera</span> <span class='ocrx_word' id='word_1_196' title='bbox 1295 3613 1343 3665; x_wconf 81' lang='lat' dir='ltr'>sed</span> 
     </span>
     <span class='ocr_line' id='line_1_26' title="bbox 156 3695 1342 3766; baseline 0.001 -15"><span class='ocrx_word' id='word_1_197' title='bbox 156 3703 319 3766; x_wconf 62' lang='lat' dir='ltr'>‘perpetuum</span> <span class='ocrx_word' id='word_1_198' title='bbox 338 3695 409 3749; x_wconf 69' lang='lat' dir='ltr'>atiud</span> <span class='ocrx_word' id='word_1_199' title='bbox 426 3695 540 3748; x_wconf 81' lang='lat' dir='ltr'>edictum</span> <span class='ocrx_word' id='word_1_200' title='bbox 558 3712 612 3750; x_wconf 83' lang='lat' dir='ltr'>esse</span> <span class='ocrx_word' id='word_1_201' title='bbox 628 3702 747 3748; x_wconf 79' lang='lat' dir='ltr'>sesntnrn</span> <span class='ocrx_word' id='word_1_202' title='bbox 767 3698 840 3749; x_wconf 83' lang='lat' dir='ltr'>r&#39;nssn</span> <span class='ocrx_word' id='word_1_203' title='bbox 856 3697 998 3751; x_wconf 79' lang='lat' dir='ltr'>Hndn&#39;nni</span> <span class='ocrx_word' id='word_1_204' title='bbox 1014 3716 1030 3749; x_wconf 84' lang='lat' dir='ltr'>n</span> <span class='ocrx_word' id='word_1_205' title='bbox 1046 3698 1137 3751; x_wconf 73' lang='lat' dir='ltr'>thu&#39;o</span> <span class='ocrx_word' id='word_1_206' title='bbox 1157 3698 1269 3751; x_wconf 79' lang='lat' dir='ltr'>Iuliano</span> <span class='ocrx_word' id='word_1_207' title='bbox 1282 3699 1342 3752; x_wconf 78' lang='lat' dir='ltr'>leto</span> 
     </span>
     <span class='ocr_line' id='line_1_27' title="bbox 157 3782 1341 3853; baseline 0.002 -15"><span class='ocrx_word' id='word_1_208' title='bbox 157 3786 338 3852; x_wconf 78' lang='lat' dir='ltr'>‘compositum</span> <span class='ocrx_word' id='word_1_209' title='bbox 359 3824 444 3837; x_wconf 90' lang='lat'>.....</span> <span class='ocrx_word' id='word_1_210' title='bbox 463 3825 468 3835; x_wconf 95' lang='lat'>.</span> <span class='ocrx_word' id='word_1_211' title='bbox 491 3782 696 3851; x_wconf 78' lang='lat' dir='ltr'>Deperdr&#39;torrnn</span> <span class='ocrx_word' id='word_1_212' title='bbox 716 3790 877 3852; x_wconf 72' lang='lat' dir='ltr'>nrprnnentn</span> <span class='ocrx_word' id='word_1_213' title='bbox 895 3802 994 3851; x_wconf 74' lang='lat' dir='ltr'>rnnpnn</span> <span class='ocrx_word' id='word_1_214' title='bbox 1012 3786 1117 3852; x_wconf 80' lang='lat' dir='ltr'>quidem</span> <span class='ocrx_word' id='word_1_215' title='bbox 1136 3802 1168 3837; x_wconf 75' lang='lat' dir='ltr'>en</span> <span class='ocrx_word' id='word_1_216' title='bbox 1182 3793 1262 3853; x_wconf 68' lang='lat' dir='ltr'>prante</span> <span class='ocrx_word' id='word_1_217' title='bbox 1276 3805 1289 3839; x_wconf 85' lang='lat' dir='ltr'>e</span> <span class='ocrx_word' id='word_1_218' title='bbox 1302 3787 1341 3839; x_wconf 79' lang='lat' dir='ltr'>di·</span> 
     </span>
     <span class='ocr_line' id='line_1_28' title="bbox 156 3870 1341 3943; baseline 0 -15"><span class='ocrx_word' id='word_1_219' title='bbox 156 3875 243 3943; x_wconf 64' lang='lat' dir='ltr'>‘peren</span> <span class='ocrx_word' id='word_1_220' title='bbox 267 3873 381 3939; x_wconf 75' lang='lat' dir='ltr'>aliasque</span> <span class='ocrx_word' id='word_1_221' title='bbox 407 3872 482 3924; x_wconf 78' lang='lat' dir='ltr'>libris</span> <span class='ocrx_word' id='word_1_222' title='bbox 501 3870 627 3924; x_wconf 73' lang='lat' dir='ltr'>concludi</span> <span class='ocrx_word' id='word_1_223' title='bbox 640 3877 770 3938; x_wconf 80' lang='lat' dir='ltr'>possnnt;</span> <span class='ocrx_word' id='word_1_224' title='bbox 798 3877 878 3939; x_wconf 78' lang='lat' dir='ltr'>utque</span> <span class='ocrx_word' id='word_1_225' title='bbox 894 3889 1057 3939; x_wconf 77' lang='lat' dir='ltr'>srnnmopere</span> <span class='ocrx_word' id='word_1_226' title='bbox 1081 3873 1131 3923; x_wconf 77' lang='lat' dir='ltr'>tros</span> <span class='ocrx_word' id='word_1_227' title='bbox 1149 3873 1181 3925; x_wconf 80' lang='lat' dir='ltr'>de</span> <span class='ocrx_word' id='word_1_228' title='bbox 1198 3890 1227 3927; x_wconf 85' lang='lat' dir='ltr'>re</span> <span class='ocrx_word' id='word_1_229' title='bbox 1245 3877 1341 3928; x_wconf 80' lang='lat' dir='ltr'>menn&#39;t</span> 
     </span>
     <span class='ocr_line' id='line_1_29' title="bbox 156 3959 1340 4029; baseline -0.003 -13"><span class='ocrx_word' id='word_1_230' title='bbox 156 3962 328 4029; x_wconf 71' lang='lat' dir='ltr'>‘Rndorfdns</span> <span class='ocrx_word' id='word_1_231' title='bbox 357 3960 408 4024; x_wconf 80' lang='lat' dir='ltr'>(ert.</span> <span class='ocrx_word' id='word_1_232' title='bbox 425 3976 499 4027; x_wconf 78' lang='lat' dir='ltr'>perp.</span> <span class='ocrx_word' id='word_1_233' title='bbox 524 3975 592 4026; x_wconf 75' lang='lat' dir='ltr'>quoe</span> <span class='ocrx_word' id='word_1_234' title='bbox 611 3959 713 4025; x_wconf 80' lang='lat' dir='ltr'>reliqna</span> <span class='ocrx_word' id='word_1_235' title='bbox 733 3965 803 4011; x_wconf 84' lang='lat' dir='ltr'>sunt.</span> <span class='ocrx_word' id='word_1_236' title='bbox 833 3963 919 4024; x_wconf 74' lang='lat'><em>1869).</em></span> <span class='ocrx_word' id='word_1_237' title='bbox 959 3959 1042 4013; x_wconf 79' lang='lat' dir='ltr'>Cnins</span> <span class='ocrx_word' id='word_1_238' title='bbox 1060 3968 1146 4013; x_wconf 69' lang='lat' dir='ltr'>tannen</span> <span class='ocrx_word' id='word_1_239' title='bbox 1166 3961 1243 4014; x_wconf 80' lang='lat' dir='ltr'>docta</span> <span class='ocrx_word' id='word_1_240' title='bbox 1262 3977 1340 4014; x_wconf 83' lang='lat' dir='ltr'>ronn-</span> 
     </span>
     <span class='ocr_line' id='line_1_30' title="bbox 157 4047 1341 4115; baseline -0.003 -13"><span class='ocrx_word' id='word_1_241' title='bbox 157 4052 240 4102; x_wconf 67' lang='grc' dir='ltr'>Ιἠιίἰιιι</span> <span class='ocrx_word' id='word_1_242' title='bbox 260 4049 337 4101; x_wconf 81' lang='lat' dir='ltr'>nolui</span> <span class='ocrx_word' id='word_1_243' title='bbox 353 4049 397 4100; x_wconf 82' lang='lat' dir='ltr'>hie</span> <span class='ocrx_word' id='word_1_244' title='bbox 416 4053 529 4114; x_wconf 80' lang='lat' dir='ltr'>repetere</span> <span class='ocrx_word' id='word_1_245' title='bbox 548 4049 620 4115; x_wconf 80' lang='lat' dir='ltr'>ipsus</span> <span class='ocrx_word' id='word_1_246' title='bbox 633 4053 737 4099; x_wconf 81' lang='lat' dir='ltr'>tanturn</span> <span class='ocrx_word' id='word_1_247' title='bbox 751 4047 895 4099; x_wconf 79' lang='lat' dir='ltr'>edictorum</span> <span class='ocrx_word' id='word_1_248' title='bbox 909 4048 1037 4114; x_wconf 79' lang='lat' dir='ltr'>reliquias</span> <span class='ocrx_word' id='word_1_249' title='bbox 1047 4050 1243 4114; x_wconf 78' lang='lat' dir='ltr'>proposr&#39;tnrns.</span> <span class='ocrx_word' id='word_1_250' title='bbox 1272 4048 1341 4100; x_wconf 85' lang='lat' dir='ltr'>Tun-</span> 
     </span>
     <span class='ocr_line' id='line_1_31' title="bbox 156 4134 1341 4203; baseline -0.002 -14"><span class='ocrx_word' id='word_1_251' title='bbox 156 4135 301 4189; x_wconf 84' lang='lat' dir='ltr'>‘tnnnnodo</span> <span class='ocrx_word' id='word_1_252' title='bbox 325 4142 396 4189; x_wconf 80' lang='lat' dir='ltr'>certa</span> <span class='ocrx_word' id='word_1_253' title='bbox 418 4134 585 4202; x_wconf 71' lang='lat' dir='ltr'>der&#39;tornm</span> <span class='ocrx_word' id='word_1_254' title='bbox 611 4141 768 4203; x_wconf 58' lang='lat' dir='ltr'>aspernens</span> <span class='ocrx_word' id='word_1_255' title='bbox 791 4136 904 4188; x_wconf 80' lang='lat' dir='ltr'>breuiter</span> <span class='ocrx_word' id='word_1_256' title='bbox 921 4136 1040 4188; x_wconf 77' lang='lat' dir='ltr'>irnh&#39;ener&#39;</span> <span class='ocrx_word' id='word_1_257' title='bbox 1056 4136 1187 4203; x_wconf 68' lang='lat' dir='ltr'>nerrrdqne</span> <span class='ocrx_word' id='word_1_258' title='bbox 1205 4137 1341 4188; x_wconf 79' lang='lat' dir='ltr'>notionum</span> 
     </span>
     <span class='ocr_line' id='line_1_32' title="bbox 158 4222 1342 4292; baseline -0.002 -16"><span class='ocrx_word' id='word_1_259' title='bbox 158 4224 309 4288; x_wconf 70' lang='lat' dir='ltr'>‘formulas</span> <span class='ocrx_word' id='word_1_260' title='bbox 333 4226 358 4277; x_wconf 77' lang='lat' dir='ltr'>si</span> <span class='ocrx_word' id='word_1_261' title='bbox 376 4239 443 4292; x_wconf 77' lang='lat' dir='ltr'>onus</span> <span class='ocrx_word' id='word_1_262' title='bbox 461 4223 593 4281; x_wconf 78' lang='lat' dir='ltr'>hnbernns.</span> <span class='ocrx_word' id='word_1_263' title='bbox 613 4225 642 4276; x_wconf 82' lang='lat' dir='ltr'>in</span> <span class='ocrx_word' id='word_1_264' title='bbox 661 4226 731 4276; x_wconf 70' lang='lat' dir='ltr'>notes</span> <span class='ocrx_word' id='word_1_265' title='bbox 750 4223 842 4275; x_wconf 77' lang='lat' dir='ltr'>nrh&#39;ece&#39;.</span> <span class='ocrx_word' id='word_1_266' title='bbox 886 4223 965 4277; x_wconf 80' lang='lat' dir='ltr'>Uneis</span> <span class='ocrx_word' id='word_1_267' title='bbox 985 4223 1083 4275; x_wconf 76' lang='lat' dir='ltr'>inclusi</span> <span class='ocrx_word' id='word_1_268' title='bbox 1100 4239 1168 4289; x_wconf 84' lang='lat' dir='ltr'>quoe</span> <span class='ocrx_word' id='word_1_269' title='bbox 1186 4222 1223 4274; x_wconf 77' lang='lat' dir='ltr'>orl</span> <span class='ocrx_word' id='word_1_270' title='bbox 1240 4222 1342 4275; x_wconf 76' lang='lat' dir='ltr'>intelle-</span> 
     </span>
     <span class='ocr_line' id='line_1_33' title="bbox 161 4309 1342 4381; baseline -0.003 -17"><span class='ocrx_word' id='word_1_271' title='bbox 161 4311 256 4381; x_wconf 72' lang='lat' dir='ltr'>‘pendo</span> <span class='ocrx_word' id='word_1_272' title='bbox 277 4311 355 4363; x_wconf 76' lang='lat' dir='ltr'>rerba</span> <span class='ocrx_word' id='word_1_273' title='bbox 374 4310 499 4364; x_wconf 80' lang='lat' dir='ltr'>edietnh&#39;n</span> <span class='ocrx_word' id='word_1_274' title='bbox 519 4326 531 4362; x_wconf 89' lang='lat' dir='ltr'>e</span> <span class='ocrx_word' id='word_1_275' title='bbox 550 4312 747 4362; x_wconf 66' lang='lat' dir='ltr'>contraventuras</span> <span class='ocrx_word' id='word_1_276' title='bbox 765 4310 888 4362; x_wconf 74' lang='lat' dir='ltr'>nrtdendn</span> <span class='ocrx_word' id='word_1_277' title='bbox 907 4310 1001 4364; x_wconf 61' lang='lat' dir='ltr'>erton)</span> <span class='ocrx_word' id='word_1_278' title='bbox 1030 4309 1126 4362; x_wconf 69' lang='lat' dir='ltr'>Brutus.</span> <span class='ocrx_word' id='word_1_279' title='bbox 1163 4309 1199 4361; x_wconf 78' lang='lat' dir='ltr'>ln</span> <span class='ocrx_word' id='word_1_280' title='bbox 1210 4309 1261 4362; x_wconf 85' lang='lat' dir='ltr'>hos</span> <span class='ocrx_word' id='word_1_281' title='bbox 1274 4324 1342 4361; x_wconf 79' lang='lat' dir='ltr'>nono</span> 
     </span>
     <span class='ocr_line' id='line_1_34' title="bbox 159 4396 1343 4464; baseline -0.003 -12"><span class='ocrx_word' id='word_1_282' title='bbox 159 4400 240 4453; x_wconf 77' lang='lat' dir='ltr'>erh&#39;sti</span> <span class='ocrx_word' id='word_1_283' title='bbox 257 4400 409 4452; x_wconf 77' lang='lat' dir='ltr'>recensione</span> <span class='ocrx_word' id='word_1_284' title='bbox 425 4398 491 4463; x_wconf 70' lang='lat' dir='ltr'>fines</span> <span class='ocrx_word' id='word_1_285' title='bbox 510 4398 686 4463; x_wconf 72' lang='lat' dir='ltr'>terminosque</span> <span class='ocrx_word' id='word_1_286' title='bbox 703 4415 720 4448; x_wconf 85' lang='lat' dir='ltr'>n</span> <span class='ocrx_word' id='word_1_287' title='bbox 741 4396 780 4449; x_wconf 84' lang='lat' dir='ltr'>CI.</span> <span class='ocrx_word' id='word_1_288' title='bbox 807 4396 870 4448; x_wconf 79' lang='lat' dir='ltr'>Viro</span> <span class='ocrx_word' id='word_1_289' title='bbox 888 4399 963 4464; x_wconf 80' lang='lat' dir='ltr'>operi</span> <span class='ocrx_word' id='word_1_290' title='bbox 981 4398 1139 4449; x_wconf 73' lang='lat' dir='ltr'>eonsnnnos</span> <span class='ocrx_word' id='word_1_291' title='bbox 1160 4397 1237 4448; x_wconf 80' lang='lat' dir='ltr'>nolrn&#39;</span> <span class='ocrx_word' id='word_1_292' title='bbox 1248 4396 1343 4464; x_wconf 71' lang='lat' dir='ltr'>epredr‘.</span> 
     </span>
    </p>
   </div>
   <div class='ocr_carea' id='block_1_11' title="bbox 0 0 1500 5040">
    <p class='ocr_par' dir='ltr' id='par_1_11' title="bbox 0 0 1500 5040">
     <span class='ocr_line' id='line_1_35' title="bbox 0 0 1500 5040; baseline 0 0"><span class='ocrx_word' id='word_1_293' title='bbox 0 0 1500 5040; x_wconf 95' lang='lat' dir='ltr'> </span> 
     </span>
    </p>
   </div>
  </div>
 </body>
</html>
