2992 5040
686 325 791 382 Festus.
1286 328 1329 394 27

152 501 282 568 Praes
306 510 355 569 est
376 503 432 583 is¹,
455 505 510 587 qui
527 502 645 587 populo
668 525 702 566 se
718 504 843 588 obligat
865 504 1161 591 interrogaturque²
1185 528 1204 569 a
1226 506 1329 590 magi·

153 613 266 685 stratu,
283 609 310 672 si
323 630 414 692 praes
427 609 485 683 siu
503 609 557 673 ille
572 609 770 691 respondet³:
788 633 888 693 praes.
909 614 942 675 P.
955 616 1034 675 223.
1052 608 1330 693 (CfiManoeps.)

152 711 392 777 Praeteriti
416 717 579 777 senatores
603 712 762 795 quondam
786 714 819 778 in
835 715 1008 799 opprobrio
1030 737 1093 779 non
1110 720 1210 793 erant,
1235 716 1329 799 quod,

156 823 192 882 ut
216 839 308 903 reges
331 818 393 882 sibi
414 817 568 903 legebant
591 816 874 902 sublegebantque,
898 842 977 903 qnos
1000 822 1032 884 in
1056 821 1189 885 consilio
1204 819 1333 905 publico

159 922 323 1002 baberent,
347 923 395 987 ita
417 927 490 1007 post
513 927 640 987 exactos
663 944 716 986 cus
738 925 882 989 consules
905 947 1031 1009 quoqne
1054 929 1086 988 et
1108 924 1245 988 tribuni⁴
1270 926 1331 988 mi·

155 1027 248 1091 litum
282 1027 442 1093 consulari
474 1031 633 1111 potestate
665 1026 940 1093 coniunctissimos
962 1028 1024 1092 sibi
1047 1027 1206 1111 quosque⁶
1228 1029 1331 1111 patri·

156 1133 278 1196 ciorum
302 1138 335 1196 et
357 1133 469 1196 deinde
491 1132 685 1216 plebeiorum
710 1130 872 1216 legebant,
900 1134 998 1197 donec
1021 1130 1137 1196 Ouinia
1159 1131 1333 1196 tribunicia

155 1236 336 1305 intervenit,
362 1260 425 1320 qua
441 1241 585 1300 sanetum
601 1239 659 1311 est,
676 1239 713 1297 ut
727 1255 874 1300 censores
890 1259 928 1300 ex
944 1237 1031 1300 omni
1047 1236 1158 1300 ordine
1174 1237 1332 1320 optimum

155 1362 313 1425 quemque
328 1340 492 1406 cumatirn⁶
516 1341 547 1403 in
565 1337 727 1404 senatum⁷
744 1339 901 1423 legerent;
926 1363 988 1424 quo
1004 1340 1124 1404 factum
1143 1345 1200 1417 est,
1224 1345 1261 1405 ut
1276 1342 1332 1426 qui

156 1447 321 1529 praeteriti
344 1451 449 1510 essent
471 1452 503 1510 et
520 1447 590 1510 loco
612 1446 701 1522 moti,
725 1444 921 1508 haberentur
936 1445 1151 1529 ignominiosi.
1197 1446 1236 1509 F.
1253 1452 1329 1512 246.

157 1549 353 1616 Praetor
385 1551 422 1615 ad
447 1555 572 1634 portam
600 1572 685 1614 nnnc
709 1550 869 1613 salutatur
891 1550 918 1613 is
930 1549 953 1626 ⁸,
984 1549 1094 1633 quiin
1118 1550 1333 1635 provinciam⁹

156 1662 384 1741 propraetore
414 1661 470 1720 aut
492 1678 551 1740 pro
573 1656 701 1720 consule
725 1655 808 1730 exit;
840 1655 928 1718 cuius
952 1656 996 1718 rei
1021 1677 1140 1718 morem
1164 1657 1210 1718 ait
1233 1654 1332 1721 fuisse

156 1759 282 1825 Cincius
306 1761 337 1824 in
361 1761 445 1825 libro
468 1760 506 1823 de
521 1761 685 1825 consulum
711 1765 870 1844 potestate
885 1760 1000 1824 talem:
1025 1760 1207 1825 Albau0s¹⁰
1226 1784 1332 1825 rerum

156 1867 276 1948 potitos
299 1886 400 1950 usque
423 1866 462 1929 ad
486 1864 615 1928 'Pullum
638 1887 764 1951 regem3
796 1865 881 1928 Alba
905 1865 1016 1928 deiude
1039 1865 1145 1928 diruta
1169 1888 1268 1949 nsque
1291 1867 1331 1929 ad

158 1968 190 2034 P.
216 1970 386 2033 Decinm¹¹
423 1969 545 2034 Murem
579 1991 641 2033 cos.
675 1970 809 2054 populos
840 1969 970 2035 Latinos
1002 1972 1041 2034 ad
1068 1976 1164 2054 caput
1188 1970 1332 2036 Ferenti·

154 2082 227 2140 uae'
241 2079 267 2152 ²,
301 2077 383 2159 qnod
408 2082 457 2139 est
478 2075 538 2139 sub
561 2081 670 2139 monte
695 2076 830 2150 Albane,
854 2075 1017 2140 consulere
1041 2075 1151 2139 solitos
1176 2080 1207 2139 et
1230 2075 1333 2159 impe-

155 2183 236 2245 rium
267 2181 427 2245 communi
459 2180 591 2244 consilio
615 2180 847 2244 administrare.
894 2178 1006 2264 ltaque
1029 2201 1091 2264 quo
1115 2184 1238 2243 anno¹³
1268 2179 1331 2244 Ro-

157 2308 266 2351 manos
289 2287 537 2370 imperatores¹⁴
564 2285 603 2349 ad
628 2287 801 2349 exercitum
825 2285 953 2349 mittere
969 2290 1140 2367 oporteret,
1163 2285 1252 2349 iussu
1272 2308 1330 2349 no·

156 2393 251 2456 minis
274 2391 379 2455 Latini
413 2390 580 2474 conplures
613 2394 739 2455 nostros
762 2392 793 2453 in
819 2388 977 2472 Capitolio
1001 2411 1019 2452 a
1042 2390 1108 2453 sole
1130 2391 1252 2454 oriente
1274 2413 1332 2454 au·

155 2497 249 2581 spicis
274 2518 401 2580 operam
426 2496 501 2559 dare
523 2495 643 2559 solitos.
680 2493 744 2560 Ubi
760 2517 833 2559 aves
852 2493 1056 2570 addixissent,
1081 2494 1215 2558 militem
1231 2495 1332 2571 illum,

156 2601 209 2685 qui
233 2624 252 2664 a
274 2601 433 2666 communi
451 2600 542 2664 Latio
565 2602 680 2664 missus
696 2606 789 2677 esset,
811 2599 913 2674 illum,
937 2620 1029 2682 quem
1046 2620 1120 2662 aves
1135 2600 1333 2676 addixerant,

156 2710 331 2789 praetorem
355 2706 495 2769 salutare
517 2706 659 2779 solitum,
684 2705 738 2789 qui
762 2727 831 2769 eam
855 2705 1049 2787 provinciam
1067 2704 1225 2786 optineret
1242 2727 1333 2787 prae-

156 2811 235 2875 toris
260 2812 394 2875 nomine.
442 2811 481 2874 F.
505 2816 580 2874 241.

159 2915 327 2980 Priscae
352 2910 483 2979 Latinae
506 2916 648 2980 coloniae
664 2914 844 2998 appellatae
860 2920 945 2990 sunt,
963 2920 999 2976 nt
1015 2914 1331 2998 distinguerentur¹⁵

156 3020 342 3095 anovis¹⁶,
366 3042 447 3103 quae
470 3024 580 3102 postea
603 3042 622 3082 a
646 3020 763 3102 populo
785 3018 954 3082 dabantur.
1004 3020 1041 3081 F.
1067 3024 1141 3081 241.

157 3125 297 3190 Prisci
322 3125 428 3190 Latini
454 3126 580 3208 proprie
603 3125 796 3208 appellati¹⁷
824 3128 900 3188 sunt
916 3123 961 3200 hi,
984 3123 1039 3206 qui
1056 3123 1240 3206 prinsquam
1257 3144 1334 3186 con-

156 3231 283 3294 deretur
307 3230 408 3294 Roma
432 3228 572 3293 fuerunt.
620 3231 654 3291 P.
679 3234 758 3293 2211.

157 3333 349 3420 [Privato
374 3332 520 3418 srcrrrptn]
546 3357 578 3397 se
602 3333 733 3397 alebant
756 3333 889 3419 mili[tcs
906 3334 1055 3408 Roianus,
1081 3339 1250 3413 uertentium
1272 3335 1332 3395 sti·

155 3438 289 3522 periclis]
312 3443 519 3514 mererentur,
543 3439 627 3521 quud
651 3439 682 3501 in
709 3437 951 3523 [corrsnctudiuc
974 3439 1094 3501 recurarit
1105 3459 1209 3518 perric
1224 3439 1268 3501 od
1284 3436 1334 3520 id]

157 3549 299 3626 tempus,
333 3543 416 3626 qnod
440 3544 503 3606 fuit
531 3542 643 3627 pau[lo
667 3551 740 3608 urite
763 3566 854 3625 quom
881 3544 982 3606 llonrn
1008 3540 1102 3626 urbs]
1127 3546 1221 3625 capta
1244 3547 1292 3606 est
1315 3565 1336 3606 a

160 3646 277 3719 Gallim
304 3646 430 3732 [postca
454 3650 537 3711 arrian
561 3650 629 3711 ruisi
648 3648 779 3728 publico
796 3648 965 3729 stipendio]
993 3647 1108 3711 milites
1124 3668 1186 3709 non
1204 3645 1333 3710 fiebant.

229 3876 255 3942 1)
275 3875 318 3927 his
338 3874 370 3927 G.
399 3902 432 3911 -
460 3871 487 3939 2)
506 3872 544 3922 sic
563 3869 633 3934 libri,
653 3868 900 3939 interrogatusque
917 3869 974 3922 cdd.
1000 3899 1032 3907 -
1059 3870 1086 3936 3)
1105 3866 1249 3936 respondit
1268 3867 1335 3929 GM,

159 3960 311 4030 respondet
333 3960 361 4012 Τ.
382 3990 413 3999 -
433 3959 463 4022 l)
482 3957 611 4011 tribunos
631 3957 702 4010 cod:
720 3958 818 4010 errrend.
831 3959 900 4027 Λα).
920 3988 952 3996 -
973 3961 1000 4024 5)
1018 3972 1127 4025 qnoque
1145 3957 1218 4022 corl.,·
1236 3956 1334 4009 enund.

164 4047 221 4102 l‘rs.
251 4079 281 4087 -
310 4048 337 4117 6)
356 4045 458 4100 curiati
477 4045 549 4109 eorl,¹
568 4045 665 4098 errreml.
691 4043 748 4097 Urs.
773 4073 803 4083 -
826 4046 853 4109 'll
872 4046 972 4098 senatu
991 4044 1046 4099 cod.
1066 4074 1097 4080 -
1118 4043 1145 4112 8)
1164 4043 1207 4096 bis
1226 4043 1281 4095 cod.
1302 4073 1334 4082 -

159 4137 188 4202 9)
205 4138 253 4201 sic,
272 4151 326 4188 nori
345 4131 497 4203 provincia.
518 4133 573 4184 cort.
600 4161 630 4171 —
663 4132 706 4200 10)
726 4132 845 4185 albanus
864 4132 920 4185 cod.
950 4161 976 4172 -
1002 4134 1045 4198 11)
1064 4134 1095 4184 at
1115 4133 1243 4199 poectum
1263 4130 1336 4196 cod,-

159 4223 257 4277 emend.
284 4222 342 4277 Ura
368 4251 399 4260 -
431 4218 475 4288 12)
493 4217 747 4287 capudoetentinse
766 4219 837 4283 (σά.)
861 4235 909 4271 em.
934 4218 989 4271 Ura
1014 4248 1049 4258 -
1070 4216 1112 4287 13)
1134 4217 1194 4284 [εον.
1214 4215 1334 4284 quando.

157 4310 206 4363 Ta.
223 4309 270 4378 Μ.)
290 4339 324 4349 -
345 4307 388 4376 ll)
409 4295 496 4376 imprs
515 4307 570 4360 cod.
593 4336 621 4344 -
644 4308 688 4371 15)
706 4304 914 4374 distinguerent
933 4305 989 4360 cod.
1010 4335 1042 4345 -·
1065 4304 1108 4372 16)
1128 4303 1207 4357 nobis
1226 4303 1282 4356 cod.
1301 4332 1336 4341 -

163 4398 206 4465 17)
225 4396 293 4451 dicti
311 4396 339 4449 Τ.
