2992 5040
156 298 195 360 10
691 290 797 346 Festus.

153 471 318 539 Flamm
332 496 379 537 eo
405 473 593 537 vestimento
617 471 776 535 flaminica
800 471 960 545 utebatur,
993 468 1024 532 id
1053 473 1101 532 est
1125 465 1230 531 Dialis
1256 488 1333 530 uxor

151 586 185 645 et
208 579 292 643 lovis
314 579 469 655 sacerdos,
493 578 542 641 cui
559 578 658 642 telum
674 575 834 640 fulminis¹
859 576 968 640 eodem
984 579 1054 639 erat
1070 575 1184 638 colore.
1220 574 1258 637 P.
1280 580 1331 637 92.

154 683 327 748 Foedus
351 681 544 766 appellatum
569 683 609 745 ab
632 704 668 745 eo
692 682 775 764 quod
799 680 833 743 in
851 679 1035 763 paciscendo
1059 677 1202 743 foedere²
1229 677 1334 742 hostia

153 794 328 865 necaretur,
352 825 395 834 -
420 788 468 851 vel
491 788 567 871 quia
590 788 623 850 in
647 787 771 850 foedere
794 788 1019 869 interponatur
1044 785 1131 849 tides.
1180 786 1219 848 P.
1243 787 1296 848 34.

153 894 210 958 Fo
223 916 266 957 rc
280 899 361 969 tes,
386 892 473 977 frugi
490 898 522 957 et
539 893 648 968 bonus,
673 892 739 954 sive
757 891 890 955 validus.
919 893 955 953 P.
972 894 1024 955 el.
1055 888 1119 974 (Cf.
1138 888 1283 954 Sauate
1295 888 1333 969 s.)

155 998 316 1062 Forum
340 1019 394 1061 sex
419 998 518 1062 modis
542 998 756 1081 intellegitur:
783 998 886 1080 primo
911 996 1141 1081 negotiationis
1170 995 1259 1059 locus
1278 1019 1333 1069 —3

152 1102 227 1180 aliu,
251 1103 371 1185 inquo
395 1102 511 1167 iudicia
535 1102 612 1179 fieri,
636 1124 707 1165 cum
732 1103 850 1185 populo
874 1102 937 1187 agi,
962 1102 1125 1166 contiones
1148 1100 1259 1167 haberi
1283 1122 1334 1164 so·

153 1207 235 1283 lent;
259 1210 365 1285 terti0,
389 1230 460 1271 cum
483 1207 538 1284 is³,
563 1208 617 1291 qui
641 1207 824 1289 provinciae
848 1213 983 1290 praeest,
1006 1206 1112 1270 forum
1139 1228 1235 1293 agere
1257 1205 1335 1270 dici-

154 1319 221 1387 tur,
255 1335 325 1376 curn
359 1313 503 1376 civitates
536 1320 631 1376 vocat
661 1313 751 1376 etde
774 1312 998 1377 controversiis
1021 1334 1131 1376 eorum
1155 1311 1335 1397 cognoscit:

152 1424 280 1502 quartu,
304 1441 375 1481 cunr
399 1418 430 1480 id
454 1420 559 1481 forum
584 1418 709 1500 antiqui
734 1418 950 1502 appellabunt,
975 1417 1059 1502 quod
1083 1438 1167 1481 nuuc
1192 1416 1335 1480 vestibu-

155 1523 220 1587 lum
244 1523 378 1606 sepulcri
402 1523 500 1586 dicari
524 1522 607 1585 solet
631 1530 701 1587 cett.
748 1526 785 1586 P.
810 1529 863 1588 84.

155 1629 180 1692 F
191 1629 260 1713 ulg
272 1630 333 1693 uri
345 1634 388 1692 tu
400 1652 439 1705 m,
464 1630 494 1692 id
512 1630 595 1712 quod
621 1634 668 1692 est
684 1628 819 1693 fulurine
836 1631 944 1707 ictum,
963 1628 1018 1712 qui
1035 1629 1121 1692 locus
1137 1629 1249 1692 statim
1266 1627 1334 1692 fieri

155 1733 329 1818 putabatur
344 1734 523 1817 religiosus,
540 1734 624 1817 quod
641 1756 712 1797 eum
730 1734 806 1797 deus
822 1734 883 1797 sibi
901 1734 1019 1797 dicasse
1036 1735 1206 1799 rideretur.
1231 1734 1270 1797 P.
1281 1738 1334 1798 92.

153 1839 339 1903 Fundus
362 1876 404 1885 -
427 1839 543 1903 dicitur
567 1840 702 1923 populus
726 1862 793 1903 esse
817 1840 872 1916 rei,
906 1838 1018 1923 quam‘
1042 1838 1172 1915 alienat,
1203 1837 1266 1901 hoc
1289 1844 1336 1901 est

153 1950 274 2008 atrctor.
322 1946 359 2008 P.
384 1952 436 2010 89.

155 2045 260 2116 Gens
277 2048 345 2112 Ael
355 2050 393 2112 ia
410 2048 600 2131 appellatur,
617 2070 698 2131 quae
711 2071 748 2111 ex
762 2047 871 2111 multis
886 2048 1017 2111 l'aruiliis
1030 2048 1210 2112 conficitur.
1237 2049 1275 2111 P.
1284 2051 1334 2112 94.

154 2153 493 2217 Gentilisdicitur
517 2157 609 2215 etex
632 2152 741 2215 eodeni
764 2173 880 2235 genere
903 2157 1003 2228 ortus,
1034 2156 1067 2216 et
1088 2152 1126 2230 is,
1158 2152 1214 2236 qui
1238 2152 1336 2216 simili

156 2258 282 2321 nomine
305 2257 493 2341 appellatur,
519 2262 555 2320 ut
578 2257 624 2321 ait
640 2255 783 2321 Cincius:
807 2254 961 2321 ‘Gentiles
986 2258 1065 2321 urilri
1082 2263 1167 2336 su’nt,
1193 2258 1249 2342 qui
1267 2280 1336 2322 meo

154 2363 283 2427 nomine
306 2363 529 2446 appellantur'.
576 2364 613 2425 P.
639 2367 690 2425 oi.

154 2466 294 2532 Grave
318 2489 387 2531 aes
410 2467 529 2532 dictum
555 2492 573 2531 a
597 2468 745 2550 pondere,
770 2470 846 2551 quia
870 2470 941 2532 deni
965 2491 1061 2548 asses,
1085 2468 1207 2553 singuli
1231 2469 1337 2552 pondo

154 2571 264 2641 libras.
289 2571 473 2636 efficiebant
497 2574 672 2649 denarium,
703 2572 743 2636 ab
767 2573 827 2636 lioc
851 2575 919 2656 ipso
944 2596 1075 2637 numero
1099 2575 1230 2638 dictum.
1277 2572 1336 2638 Sed

155 2677 239 2740 bellu
263 2676 382 2740 Punico
407 2678 542 2760 populns
568 2676 741 2753 Romanus,
767 2701 892 2760 pressus
916 2701 988 2742 aere
1005 2677 1119 2754 alierm,
1144 2700 1181 2743 ex
1198 2678 1337 2764 singulis

156 2783 281 2845 assibus
305 2782 446 2845 librariis
470 2804 562 2846 senos
586 2781 671 2855 fecit,
697 2783 752 2865 qni
776 2784 964 2847 tantundem
988 2789 1024 2847 ut
1041 2784 1089 2847 illi
1106 2785 1251 2848 valerent
1266 2790 1334 2849 cell.

157 2888 193 2949 P.
219 2894 270 2951 llll.
318 2887 384 2972 (Cf.
409 2885 689 2971 Sextantari.)

155 2990 315 3056 Hastae
331 2993 547 3056 subiciebant⁶
564 3015 611 3067 ea,
629 3015 708 3074 quae
724 2992 849 3074 publice
863 2992 1097 3069 venundabant,
1115 2992 1191 3076 quia
1207 2993 1335 3076 signum

155 3098 359 3182 praecipuum
385 3097 510 3182 [tellil]
537 3103 585 3161 est
609 3098 703 3160 hasta
727 3103 794 3160 cell.
844 3099 879 3159 Ρ.
904 3103 976 3162 101.

154 3202 187 3266 Η
199 3225 216 3266 e
228 3227 243 3266 r
255 3226 272 3267 e
284 3202 324 3266 di
336 3227 354 3265 u
371 3225 401 3265 ur
426 3202 591 3285 praedium
617 3202 796 3285 parvulum.
843 3204 881 3265 P.
907 3200 977 3265 99.7

155 3308 295 3373 Heres
319 3309 401 3391 apud
426 3309 575 3391 antiquos
602 3330 659 3391 pro
682 3308 811 3371 domiuo
835 3307 1022 3390 ponebatur.
1068 3309 1106 3372 Ρ.
1132 3313 1184 3372 99.

157 3413 377 3478 Horetum
401 3419 433 3477 et
456 3412 656 3475 loretum
682 3433 740 3494 pro
763 3410 846 3474 bono
871 3411 1026 3474 dicebant.
1074 3413 1112 3475 Ρ.
1138 3410 1232 3475 102.ιι

155 3518 399 3583 Hordiarirun
428 3543 507 3593 aes,
545 3517 628 3599 quod
660 3539 715 3599 pro
741 3516 858 3579 hordeo
885 3516 984 3599 equiti
1011 3513 1157 3578 Romano
1185 3515 1334 3580 dabatur.

157 3625 193 3686 P.
223 3630 293 3687 102.

155 3726 187 3789 Η
200 3728 346 3792 ortus⁹
378 3728 461 3812 apud
485 3730 636 3814 antiquos
660 3729 763 3792 omnis
790 3729 865 3793 villa
888 3727 1062 3803 dicebatur,
1088 3727 1171 3811 quod
1196 3727 1252 3803 ibi,
1279 3728 1335 3812 qui

153 3855 243 3895 arma
266 3853 377 3916 capere
400 3836 535 3916 possint,
559 3836 732 3898 orirentur.
781 3835 816 3896 P.
845 3839 920 3897 102.

194 3942 204 3946 ”
244 3941 409 4037 liutmun
428 3972 461 4025 o.
489 4003 520 4011 -
538 3973 565 4039 2)
585 3970 663 4026 aeae
682 3971 750 4031 (nir.
771 3970 824 4024 aas
848 3970 874 4024 r.
898 4001 928 4008 -
948 3971 975 4039 a)
994 3970 1036 4023 aa
1057 3972 1130 4024 rua
1151 4002 1183 4010 -
1202 3972 1233 4039 4)
1251 3988 1336 4040 quem

151 4058 224 4110 libri.
260 4058 340 4127 [Vide
359 4077 420 4112 uruu
440 4066 538 4127 dautur
556 4076 609 4111 uon
628 4059 660 4112 ale
678 4077 714 4125 re,
734 4060 780 4112 sed
796 4059 830 4112 dc
842 4074 893 4111 reo.
922 4056 971 4109 Tu.
987 4056 1035 4126 ll]
1055 4087 1089 4097 -
1108 4060 1135 4127 5)
1153 4060 1193 4113 sic
1211 4059 1284 4115 libri.
1303 4088 1337 4098 —

155 4145 182 4213 6)
200 4144 267 4198 belli
288 4148 336 4198 ius.
357 4145 428 4199 alae.
456 4146 562 4211 [Malim
582 4147 699 4200 dominii
719 4165 736 4200 a
756 4146 859 4216 populo
878 4144 1006 4214 quaesiti.
1034 4143 1075 4197 Tu
1104 4146 1149 4216 u]
1169 4176 1203 4185 -
1222 4148 1248 4214 7)
1263 4148 1337 4205 Ptin,

153 4233 366 4298 d.n.19,l,u‘0:
393 4234 423 4287 in
448 4232 499 4287 Xll
519 4232 626 4287 tabulis
647 4265 677 4272 --
697 4252 835 4304 nusquam
865 4231 1028 4289 nominatur
1056 4232 1142 4295 villa,
1170 4250 1280 4303 semper
1306 4236 1338 4290 iu

154 4319 358 4388 significatione
376 4320 516 4385 eubertus,
540 4320 570 4374 in
589 4321 664 4376 horti
686 4339 750 4377 vero
769 4321 922 4376 heredium.
952 4318 994 4386 Cf.
1019 4318 1112 4385 Varro,
1131 4337 1154 4374 r.
1173 4338 1195 4373 r.
1214 4326 1282 4387 1,10.
1303 4352 1337 4363 -

152 4409 182 4475 8)
200 4425 223 4461 u.
243 4414 303 4462 loru.
324 4408 344 4461 I
355 4426 385 4477 μ.
403 4412 436 4461 18
454 4410 506 4462 tud.
527 4410 550 4475 l,
560 4414 585 4463 5.
605 4440 638 4447 -
657 4412 685 4477 9)
704 4410 801 4464 hostus
821 4408 898 4465 GM.
