2992 5040
199 327 264 392 230
664 321 762 376 Edicta
780 338 932 377 censorum.

202 504 310 587 utique
337 504 457 587 optime
495 507 609 566 ornata
639 502 791 566 vendendi
825 522 919 564 eausa
946 498 1079 574 suerint,
1112 500 1158 562 ita
1185 498 1386 582 emptoribus

199 608 368 673 tradantur
382 609 401 672 ¹.
442 608 467 671 si
492 607 569 691 quid
595 607 641 670 ita
664 607 784 670 factum
809 604 973 681 nouerit,
1006 604 1044 667 de
1067 604 1263 667 ornamentis
1288 603 1383 668 resti-

201 712 326 776 tuendis
341 712 530 776 iumentisve
556 714 815 776 ornamentorum
839 709 967 773 nomine
989 707 1191 772 redhibendis
1213 708 1246 771 in
1270 707 1383 771 diebus

201 817 382 902 sexaginta,
410 816 513 880 morbi
548 821 654 879 autem
681 815 789 878 vitiive
811 835 906 878 causa
928 812 1078 897 inemptis
1102 811 1253 877 faciendis
1276 811 1310 875 iu
1326 834 1382 876 sex

201 921 370 996 mensibus,
399 919 448 985 vel
472 943 535 1004 quo
559 921 691 984 minoris
716 942 786 984 euru
811 919 956 983 venirent
980 917 1111 993 fuerint,
1135 917 1168 979 in
1191 937 1275 980 anuo
1298 916 1383 981 iudi·

201 1025 282 1089 cium
307 1024 461 1089 dabimus.
501 1026 527 1089 si
556 1027 699 1090 iumenta
723 1027 813 1109 paria
835 1025 928 1089 simul
954 1023 1111 1087 venierint
1133 1027 1165 1085 et
1186 1022 1323 1086 alterum
1348 1023 1381 1086 in

201 1153 238 1194 ea
251 1150 346 1195 causa
362 1130 469 1209 fuerit,
484 1137 520 1194 ut
536 1130 692 1194 redhiberi
709 1129 831 1199 debeat,
848 1127 998 1191 iudicium
1012 1127 1167 1203 dabimus,
1185 1149 1248 1210 quo
1260 1132 1383 1191 utrum·

201 1257 261 1319 que
277 1234 505 1300 redhibeatur’.
542 1238 630 1312 Quae
653 1235 691 1297 de
714 1235 927 1297 iumentorum
952 1233 1091 1297 sanitate
1106 1231 1252 1307 diximus,
1276 1232 1316 1295 de
1332 1254 1384 1295 ce·

201 1345 269 1404 tero
299 1362 425 1424 quoque
448 1362 562 1424 pecore
585 1342 670 1404 omui
695 1339 873 1402 venditores
895 1337 1064 1403 faciunhr⁸.

289 1447 317 1510 3.
346 1444 401 1508 De
421 1445 443 1523 f
443 1448 531 1509 eris.
566 1444 617 1509 Ne
632 1444 704 1528 quis
719 1466 840 1520 canem,
857 1466 977 1508 verrem
999 1443 1048 1508 vel
1063 1443 1236 1517 statuant
1253 1465 1379 1525 aprum,

199 1549 321 1633 lupum,
344 1571 463 1625 ursum,
489 1549 692 1633 pantheram,
715 1547 851 1622 leonem,
876 1571 939 1628 qua
964 1549 1058 1631 volgo
1081 1547 1142 1612 iter
1164 1548 1228 1621 fiet,
1253 1548 1301 1611 ita
1323 1547 1383 1611 hn-

201 1654 306 1717 buisse
329 1655 415 1730 velit,
442 1660 479 1718 ut
502 1655 649 1739 cuiquam
674 1675 786 1717 nocere
808 1652 998 1716 damnumve
1022 1653 1097 1717 dare
1112 1653 1239 1737 possit⁶.
1273 1653 1299 1715 si
1324 1653 1383 1716 ad·

201 1780 309 1822 versus
334 1781 371 1822 ea
394 1759 513 1824 facturn
541 1761 603 1824 erit
626 1764 658 1823 et
673 1759 769 1822 homo
791 1758 873 1822 liber
894 1779 933 1822 ex
949 1779 986 1821 ea
1002 1781 1035 1822 re
1052 1758 1189 1842 perierit,
1205 1760 1381 1822 sestertium

201 1861 407 1926 ducentorum
429 1863 554 1926 utilium
581 1862 810 1938 eirenenornrn⁶,
834 1863 860 1925 si
884 1862 1026 1927 nocitum
1049 1862 1171 1925 homini
1195 1860 1295 1926 libero
1314 1884 1382 1926 esse

192 1966 332 2048 dicetur,
356 1969 469 2051 quanti
493 1967 616 2047 bonum,
637 1989 771 2051 aequum
794 1967 890 2030 iudici
906 1967 1078 2041 videbitur,
1103 1967 1268 2045 (iudicium
1291 1967 1382 2030 dulu-

200 2075 293 2152 mus).
334 2077 509 2137 ceterarum
543 2095 665 2150 rerum,
699 2072 812 2156 quanti
835 2072 988 2135 damnum
1012 2072 1120 2135 datum
1144 2069 1306 2134 factumve
1329 2072 1382 2143 sit,

200 2175 289 2259 dupli
312 2177 480 2256 (iudicium
503 2177 690 2258 (diruantur.

287 2284 315 2345 4.
353 2281 479 2363 Duplue
501 2282 690 2364 stipulutin⁸.

424 2473 475 2535 0⁸4.
512 2471 728 2536 Edictum
761 2494 995 2536 censorum
1029 2496 1056 2537 a.
1081 2475 1154 2538 662.

275 2610 367 2668 (Sacer.
397 2612 433 2668 de
459 2612 531 2669 rhet.
559 2629 583 2667 r.
608 2611 658 2668 1⁹:
688 2610 740 2670 Cu.
770 2610 919 2667 Domitius
948 2611 1163 2670 Ahenobarbus
1194 2613 1225 2672 h.
1248 2612 1381 2671 Lirinius

197 2702 318 2762 Crassus
338 2724 471 2764 censores
492 2706 534 2764 ita
555 2706 737 2783 edixerunt:)

286 2799 517 2868 Renuntiatum
555 2811 603 2868 est
637 2806 729 2869 nobis
760 2827 827 2869 esse
860 2805 1018 2883 homines,
1053 2807 1109 2889 qui
1138 2826 1255 2869 novum
1279 2829 1382 2892 genus

200 2905 383 2990 disciplinae
404 2910 633 2989 instituerunt,
668 2912 706 2973 ad
731 2932 809 2994 quos
833 2911 982 2973 iuventus
1007 2911 1041 2974 in
1064 2908 1173 2973 ludum
1197 2911 1382 2986 conveniam

200 3032 253 3075 eos
275 3012 336 3076 sihi
358 3035 471 3078 nomen
488 3015 675 3099 imposuisse
692 3015 822 3080 Latinos
839 3016 1007 3090 rhetoras;
1031 3014 1074 3078 ibi
1093 3015 1237 3079 homines
1253 3015 1380 3079 adules-

200 3118 342 3182 centulos
364 3119 430 3184 dies
453 3125 537 3184 totos
565 3121 715 3185 desidere.
760 3120 897 3184 Maiores
920 3122 1032 3198 nostri,
1060 3143 1141 3204 quae
1164 3119 1282 3185 liberos
1305 3143 1381 3184 suos

201 3223 318 3288 disoere
341 3229 372 3288 et
394 3247 474 3310 quos
497 3227 529 3289 in
554 3227 645 3290 ludos
668 3228 749 3290 itare
773 3226 900 3302 vellent,
926 3226 1142 3290 instituerunt.
1181 3224 1269 3288 Haec
1285 3246 1381 3300 nova,

201 3350 281 3411 quae
310 3335 435 3412 praeter
463 3331 725 3394 cousuetudinem
762 3352 798 3394 ac
821 3353 945 3395 morum
969 3332 1123 3395 maiorum
1149 3331 1246 3406 fiunt,
1278 3350 1383 3413 neque

200 3431 326 3512 placent
349 3454 450 3516 neque
474 3439 560 3498 recta
578 3433 735 3497 videntur.
773 3440 977 3518 Quapropter
1000 3440 1032 3499 et
1046 3436 1121 3512 iisu,
1145 3434 1201 3518 qui
1221 3455 1273 3497 eos
1290 3433 1382 3497 ludos

200 3533 329 3612 habent,
354 3542 386 3599 et
408 3537 486 3612 iis¹⁰,
519 3539 572 3621 qui
597 3561 633 3602 eo
658 3540 765 3603 venire
787 3546 989 3616 consuerunt,
1016 3541 1165 3605 videtur¹¹
1186 3540 1381 3617 faciundum,

202 3644 237 3702 ut
259 3640 495 3706 ostenderemus
519 3648 661 3708 nostram
693 3645 892 3721 senteutiam,
917 3645 1009 3708 nobis
1031 3667 1093 3708 uon
1118 3644 1250 3727 plaeere.

271 3867 295 3927 1)
315 3867 465 3923 Prnemrern
485 3871 562 3924 eticun
583 3872 615 3924 do
632 3889 766 3925 serrmvnn
788 3872 947 3923 vestiarentis
966 3878 988 3924 et
1007 3871 1171 3924 ornamentis
1184 3870 1302 3923 ordinasse
1315 3871 1381 3924 rvri-

200 3954 286 4008 simite
304 3962 350 4019 ent,
369 3958 402 4022 rs.
423 3957 512 4023 lervel,
529 3959 667 4025 pntinpen.
697 3959 734 4010 11
757 3979 785 4025 p.
807 3963 873 4010 1175
893 3978 920 4011 n.
941 3966 964 4011 n'.
993 3990 1027 3997 —
1048 3958 1086 4023 2)
1105 3957 1142 4010 Ι).
1163 3962 1269 4023 21,1,38
1282 3975 1328 4025 pr.
1347 3987 1382 3996 -

200 4038 227 4106 3)
245 4039 435 4107 D.21.1,38,:5.
455 4075 488 4081 -
507 4047 535 4109 4)
554 4043 590 4097 D.
606 4044 755 4101 minorem;
776 4042 928 4098 ‘maistam'
947 4046 1016 4098 mni.
1039 4045 1106 4099 Hn..
1127 4062 1150 4098 e.
1162 4043 1381 4098 Pammeni-u.

196 4146 226 4194 p.
246 4132 287 4182 52.
316 4159 349 4167 —
378 4133 405 4193 5)
425 4130 462 4183 D.
483 4135 633 4197 21,1,4(),1;
650 4137 692 4184 42.
733 4133 808 4200 ervre
836 4133 902 4184 ibid.
927 4137 960 4184 41
979 4134 1111 4200 Iepnnhrr,
1130 4133 1208 4187 aurbu
1228 4132 1382 4185 ethninos

200 4234 256 4272 ease
271 4217 379 4284 primns
393 4221 533 4286 permen-u
546 4220 642 4274 Bruma·
660 4221 702 4286 (in
716 4221 859 4288 prioribus
877 4219 960 4271 huius
972 4220 1134 4273 collationis
1146 4220 1217 4286 edd.)
1235 4249 1269 4258 -—
1287 4219 1315 4282 θ)
1326 4218 1384 4272 D..-

201 4302 289 4358 ‘solidi
308 4303 437 4359 ducenti'.
459 4335 488 4344 —
510 4308 537 4374 7)
559 4308 599 4372 Cf.
620 4308 779 4375 1).,?1,1,42.
800 4338 834 4347 -
854 4307 881 4373 8)
902 4307 981 4360 ΕΡ.
1000 4311 1084 4367 §296
1104 4338 1138 4347 -
1156 4308 1186 4367 9)
1205 4308 1281 4361 Idem
1300 4309 1381 4374 refert

203 4389 268 4444 Gau.
289 4396 410 4459 15,11,2,·
430 4394 463 4458 ef.
483 4410 569 4460 supra
583 4411 612 4461 p.
626 4398 678 4447 166
695 4398 758 4449 Μ).
778 4425 810 4435 -
832 4394 875 4463 10)
894 4394 937 4447 his
952 4395 1020 4449 Geli.
1040 4423 1067 4434 -
1094 4395 1136 4462 ll)
1156 4393 1246 4449 visum
1258 4397 1303 4449 et
1314 4396 1382 4449 6011.
