2992 5040
152 314 193 380 86
671 314 802 371 Isidorus.

239 490 268 554 V
292 493 344 570 27,
369 495 420 558 24.
466 493 590 559 Talia
614 499 662 559 est
683 493 860 558 similitudo
884 493 1053 570 vindictae,
1079 499 1115 557 ut
1136 493 1247 556 taliter
1263 493 1336 576 quis

153 595 303 678 patiatur,
329 603 364 660 ut
386 599 473 664 fecit.
521 599 590 666 Hoc
613 601 698 664 enim
721 606 753 663 et
776 605 894 663 natura
917 605 949 663 et
972 598 1044 682 lege
1067 604 1116 663 est
1138 599 1336 674 institutum,

152 704 189 764 ut
212 700 387 766 laedentem
410 704 524 769 similis
549 705 687 771 vindicta
711 705 890 789 sequatur¹.

243 806 346 884 V27,
371 809 421 872 28.
467 809 659 873 Exilium
685 811 907 874 -dividitur
934 847 969 856 -
996 810 1028 872 iu
1053 810 1204 894 relegatis
1229 812 1261 872 et
1284 809 1339 872 de·

154 913 299 993 portatis.
346 915 396 977 29.
432 912 664 999 lielegatus
688 921 745 993 est,
771 938 865 999 quem
883 917 967 979 bona
983 936 1040 978 sua
1056 920 1250 996 sequuntur:
1277 914 1337 976 de-

153 1021 366 1098 portatus,
390 1041 484 1102 quem
510 1041 571 1082 non
596 1027 784 1104 sequuntur.

242 1122 287 1187 IX
311 1126 342 1202 2,
369 1127 395 1187 l.
443 1124 553 1189 Gens
587 1133 635 1189 est
658 1126 832 1191 multitudo
855 1127 896 1190 ab
919 1149 983 1190 uno
1006 1125 1164 1208 principio
1188 1129 1271 1199 orta,
1296 1161 1337 1170 -

154 1227 314 1310 appellata
345 1234 474 1313 propter
505 1233 727 1314 generationes
750 1232 963 1310 familiarum,
993 1232 1024 1294 id
1049 1236 1097 1294 est
1120 1254 1139 1293 a
1162 1229 1336 1312 gignenda,

153 1332 236 1396 sicut
256 1335 346 1397 natio
369 1357 388 1397 a
411 1336 579 1401 nascende.

241 1437 287 1503 IX
310 1439 341 1510 3,
365 1440 416 1505 29.
463 1440 646 1506 Tribuni
672 1444 785 1515 vocati,
810 1443 893 1526 quod
920 1442 1076 1506 militibus
1100 1443 1166 1504 sive
1189 1437 1341 1521 plebibus

153 1541 223 1605 iura
246 1543 403 1608 tribuunt.

243 1646 289 1711 lX
311 1651 342 1725 4,
368 1651 418 1716 18.
465 1650 648 1716 Tribuni
674 1653 760 1729 dicti,
785 1653 869 1735 quod
893 1652 980 1735 plebi
1003 1653 1074 1714 iura
1095 1650 1145 1713 vel
1170 1671 1263 1732 opem
1280 1650 1340 1712 tri-

155 1752 273 1823 buuntz
302 1793 336 1802 -
364 1756 438 1819 dum
463 1757 545 1821 enim
571 1757 659 1839 plebs
682 1781 701 1820 a
724 1763 835 1823 senatu
860 1763 892 1821 et
914 1757 1097 1820 consulibus
1121 1761 1331 1839 premeretur,

154 1862 230 1923 tunc
247 1859 315 1942 ipsa
330 1861 392 1924 sibi
408 1854 555 1925 tribunos
572 1864 663 1945 quasi
675 1863 821 1945 proprios
835 1863 953 1925 iudices
965 1867 997 1924 ct
1009 1860 1191 1924 defensores
1204 1861 1337 1924 creavit.

242 1962 288 2030 IX
310 1970 342 2044 4,
365 1969 417 2030 45.
457 1967 706 2050 Mancipium
725 1974 784 2043 est,
808 1966 962 2050 quidquid
980 1988 1074 2029 manu
1091 1967 1161 2047 capi
1178 1965 1338 2048 subdique

156 2074 276 2152 potest,
300 2075 336 2133 ut
359 2069 464 2144 homo,
489 2094 598 2157 equus¹
623 2074 690 2137 ovis
704 2072 726 2139 ².
774 2072 860 2136 Haec
884 2071 965 2135 enim
991 2070 1142 2133 animalia
1165 2070 1278 2133 statim
1303 2075 1341 2132 ut

155 2180 232 2239 nata
255 2182 341 2255 sunt,
365 2178 558 2261 mancipium
582 2200 651 2242 esse
674 2182 836 2261 putantur.
884 2174 967 2239 Nam
992 2181 1024 2238 et
1047 2197 1093 2250 ea,
1117 2196 1199 2257 quae
1219 2175 1251 2238 in
1271 2175 1338 2238 bes·

155 2280 272 2344 tiarum
307 2304 438 2345 numero
468 2289 557 2359 sunt,
592 2288 668 2345 tunc
696 2283 844 2346 videntur
877 2280 1070 2362 mancipium
1094 2301 1175 2357 esse,
1210 2279 1343 2362 quando

155 2387 225 2468 capi
248 2388 314 2450 sive
337 2387 459 2451 domari
478 2388 653 2470 coeperint.

244 2490 290 2555 IX
312 2493 344 2569 4,
366 2494 420 2556 46.
463 2490 646 2576 Ingenui
677 2493 771 2563 dicti,
805 2492 860 2575 qui
892 2491 925 2554 in
950 2512 1065 2572 genere
1098 2489 1218 2553 liabent
1240 2490 1338 2553 liber·

155 2599 265 2673 tatem,
296 2619 358 2661 uon
384 2599 414 2661 iu
440 2599 535 2674 facto,
566 2598 649 2661 sicut
671 2597 798 2671 liberti;
832 2597 915 2660 unde
938 2601 970 2659 et
993 2619 1045 2659 eos
1069 2595 1179 2659 Graeci
1204 2596 1342 2674 εὐγενεῖς

157 2707 282 2777 vocant,
306 2704 389 2785 quod
413 2705 479 2768 sint
500 2704 575 2766 boni
599 2703 735 2786 generis
783 2703 835 2764 47.
859 2700 1061 2766 Libertus
1087 2738 1122 2747 -
1144 2701 1235 2782 quasi
1260 2700 1343 2762 libe·

157 2809 246 2868 ratus
270 2841 322 2869 -.
367 2806 569 2872 Libertorum
599 2814 706 2871 autem
733 2806 793 2870 filii
822 2807 905 2890 apud
940 2806 1088 2888 antiquos
1113 2803 1256 2868 libertini
1281 2826 1337 2886 ap·

156 2910 370 2994 pellabantur,
395 2916 486 2997 quasi
509 2915 547 2978 de
571 2914 694 2978 libertis
719 2915 796 2976 nati.
841 2911 937 2975 Nunc
960 2931 1034 2973 vero
1057 2909 1228 2973 libertinus
1246 2913 1338 2971 auta

156 3015 272 3080 liberto
296 3018 398 3082 factus
422 3026 478 3083 aut
502 3020 689 3102 possessusl.
736 3019 789 3082 48.
816 3016 1090 3080 Manumissus
1114 3014 1230 3077 dicitur
1246 3012 1339 3096 quasi

158 3143 252 3184 manu
285 3125 427 3187 emissus.
476 3126 570 3208 Apud
605 3131 726 3188 veteres
757 3125 851 3191 euim.
886 3122 1033 3206 quotiens
1057 3118 1342 3191 manumittebant,

157 3226 250 3308 alapa
274 3249 437 3309 percussos
460 3228 721 3313 circumagebant
745 3233 777 3292 et
800 3229 917 3292 liberos
941 3222 1201 3290 confirnrabaut.⁴

245 3329 291 3394 IX
315 3335 345 3410 4,
370 3335 420 3396 49.
460 3334 681 3398 Dediticii
715 3333 852 3416 primum
886 3354 904 3393 a
932 3328 1091 3393 deditione
1120 3333 1196 3391 sunt
1219 3349 1343 3390 nuncu-

158 3436 225 3518 pati
249 3438 318 3501 -⁶.
366 3441 417 3504 51.
453 3439 603 3504 Latini
635 3445 709 3502 ante
744 3438 876 3500 Romam
909 3435 1069 3500 conditam
1101 3432 1184 3515 apud
1208 3429 1346 3495 Latinos

158 3538 294 3618 fiebant,
327 3565 490 3627 nunquam
524 3568 581 3628 per
614 3549 857 3617 testamentum,
893 3541 946 3604 sed
970 3562 1026 3622 per
1049 3537 1219 3620 epistulam
1244 3537 1342 3600 liber-

249 3786 275 3852 l)
296 3783 338 3852 Of.
359 3785 431 3840 Feci.
450 3784 538 3840 Talio.
568 3815 602 3826 -
628 3785 656 3849 2)
684 3785 769 3839 Serio.
789 3785 888 3842 boves.
917 3799 976 3835 cum
996 3797 1055 3835 ores
1072 3782 1128 3834 siut
1146 3797 1193 3834 nec
1213 3781 1344 3848 irrumpi.

157 3871 255 3941 [Immo
275 3875 376 3925 erravit
396 3873 527 3929 Isidorus.
564 3873 615 3926 'l'm
635 3873 684 3942 ld]
711 3903 744 3911 -
764 3873 793 3928 3)
815 3871 857 3930 Gi.
877 3870 949 3924 soa.
972 3869 1068 3923 Claud.
1086 3873 1135 3921 24:
1164 3868 1265 3922 Lutum
1287 3869 1346 3922 ola·

159 3976 224 4011 vum
243 3961 382 4013 —ctiam
404 3961 529 4015 libertini
550 3961 608 4016 filio
628 3961 747 4024 tribuit;
769 3964 848 4012 -et
869 3958 989 4026 Appium
1010 3955 1129 4010 Caecum
1149 3972 1291 4010 censorem
1311 3986 1346 3995 -

158 4046 353 4102 libertinorum
383 4047 455 4102 filios
482 4050 511 4101 iu
530 4056 659 4102 senatum
685 4046 825 4115 adlegisse
846 4045 940 4100 docuit
959 4044 1077 4114 ignarus
1097 4044 1271 4112 temporibus
1289 4045 1345 4112 Ap·

159 4133 197 4202 pii
217 4142 245 4188 ct
264 4135 393 4204 deinceps
413 4137 588 4205 aliquamdiu
611 4135 758 4191 libertinos
773 4133 862 4189 dictos
884 4151 937 4188 non
958 4133 1039 4200 ipsos,
1058 4130 1105 4199 qui
1125 4147 1211 4183 manu
1232 4131 1346 4183 emitte·

158 4226 265 4276 rentur.
288 4221 335 4275 sed
356 4223 491 4290 ingenuos
510 4242 542 4277 ex
561 4224 604 4277 his
623 4225 790 4292 procreatos.
822 4250 853 4261 -·
885 4223 913 4288 4)
932 4218 1034 4273 Eodem
1058 4216 1196 4270 wactas
1213 4216 1296 4270 schol·
1315 4219 1346 4269 ic

160 4310 232 4365 Pers.
250 4316 317 4378 o,75.
358 4311 400 4380 Cf.
421 4314 561 4379 G.8‚l9‚6.·
579 4310 829 4366 circumductiones
847 4307 1057 4363 inextricabiles
1075 4312 1105 4359 et
1123 4303 1258 4358 iniuriosa
1277 4303 1345 4357 rha-

159 4398 291 4467 pismata.
313 4428 345 4440 -
362 4399 392 4467 5)
411 4398 531 4455 Meliora
547 4398 623 4452 dabit
640 4397 705 4453 cos
722 4399 862 4467 1,]3-16.
