2992 5040
705 300 808 354 Festus.

169 485 232 543 tuto
257 479 366 543 decedi
387 472 525 561 posset],
554 474 592 550 Q.
617 473 735 539 Fabius
759 475 918 540 Maximus
940 475 1152 562 Verru[cosus
1176 478 1225 542 M.
1251 475 1348 543 Clari-

169 585 244 646 rlius
272 580 465 665 Mulrcellus
489 601 551 643 cos.
581 579 685 644 facere
708 578 934 666 in[stttucrnnt
958 589 993 646 ut
1016 581 1157 667 notu]vit
1180 582 1290 647 Aelius
1313 584 1346 646 in

167 685 228 752 XII
255 685 546 774 signi[ficottonuna
568 681 756 771 verborum}
802 684 842 749 F.
866 687 956 751 351.¹

167 791 215 878 [Τ
222 816 240 855 u
254 791 384 875 yrilria
409 813 427 853 a
451 794 534 854 tecto
551 790 756 875 appellantur
779 789 960 876 [domicilia
975 790 1185 878 rusticorum]
1210 793 1345 868 sordida,

170 935 208 944 -
234 919 299 982 (quo
323 896 452 961 nominc
477 895 654 979 [Messalla
678 898 710 959 in
735 895 982 982 eaplnnu]ti0ne
1004 895 1084 961 XII‘
1107 898 1154 962 ait
1176 898 1272 960 etiam
1297 896 1346 982 [..

167 999 372 1087 siff-inmuni.
418 1000 457 1064 F.
481 1005 555 1065 355.

166 1108 363 1173 Turrnam
395 1107 537 1190 equiturn
563 1104 696 1170 dictam³
726 1127 792 1170 esse
823 1106 868 1169 ait
891 1106 1053 1172 Curiatius
1076 1106 1166 1191 quasi
1191 1108 1345 1182 terimam,

167 1214 251 1297 quod
275 1216 325 1276 ter
349 1211 421 1275 deni
447 1211 570 1294 equites
593 1232 630 1274 ex
655 1209 758 1274 tribus
774 1209 921 1274 tribubus
940 1209 1140 1287 Titiensium,
1165 1208 1346 1287 Ramnium,

167 1318 317 1383 Lucerum
345 1316 466 1380 fiebant
488 1321 556 1379 cett.
603 1313 642 1380 F.
666 1319 741 1378 355.

166 1422 377 1487 Unciaria
407 1421 480 1484 lex*
514 1418 669 1504 appellari
701 1424 813 1503 coepta
845 1425 908 1497 est,
937 1442 1032 1505 quam
1064 1419 1097 1484 L.
1129 1419 1218 1484 Sulla
1248 1424 1279 1483 et
1310 1420 1346 1496 Q.

167 1525 356 1610 Pompeius⁶
381 1524 492 1602 tulere,
520 1524 599 1608 qua⁶
623 1527 768 1588 sanctum
785 1529 842 1601 est,
859 1528 895 1587 ut
911 1522 1086 1587 debitores⁷
1103 1523 1255 1588 decimam
1271 1546 1344 1607 par-

165 1637 228 1695 tem
256 1629 389 1717 [sortem
414 1632 535 1694 arianis
558 1632 672 1694 asinis
693 1628 911 1713 penderent⁸].
958 1630 996 1694 L.
1020 1634 1094 1694 375.
1141 1629 1199 1694 Mo
1222 1633 1275 1694 83.

165 1735 371 1800 Urbanas
404 1733 507 1798 tribus
536 1733 754 1817 appellabant,
789 1733 821 1795 in
845 1756 924 1816 aquas
947 1732 1024 1821 urbs
1048 1738 1116 1796 erat
1139 1733 1305 1815 dispertita
1328 1757 1346 1796 s

165 1840 272 1905 Servio
296 1839 405 1904 Tullio
429 1860 516 1922 rege,
540 1838 573 1901 id
597 1842 645 1902 est
668 1836 847 1915 Suburana,
872 1837 1030 1916 Palatina,
1052 1837 1247 1920 Esquilina⁹,
1271 1835 1343 1902 Col·

164 1946 239 2011 lina.
285 1945 324 2009 P.
349 1949 424 2009 368.

165 2049 366 2116 Uxorium
391 2048 575 2132 pependisse
598 2047 723 2125 dicitur,
749 2048 814 2131 qui,
839 2048 920 2131 quod
948 2070 1076 2111 uxorem
1100 2069 1163 2110 non
1188 2045 1344 2122 habuerit,

164 2178 210 2219 res
233 2153 353 2239 populo
380 2153 475 2216 dedit.
523 2154 561 2217 P.
585 2158 659 2217 379.

165 2259 317 2324 ladem
343 2280 528 2341 sponsorem
552 2257 714 2342 significat
738 2260 849 2323 datum
873 2259 906 2321 in
930 2280 963 2321 re
988 2256 1127 2340 capitali.
1174 2257 1212 2320 P.
1236 2262 1310 2321 377.

163 2364 401 2449 Vagulotio
430 2362 462 2425 in
494 2361 514 2426 l.
538 2361 650 2426 Xll¹⁰
690 2363 851 2446 significat
875 2361 1059 2446 quaestio¹¹
1088 2385 1158 2426 curn
1182 2363 1342 2426 convicio:

161 2469 232 2534 ‘Cui
256 2468 479 2534 testimonium
502 2468 568 2532 cet.⁸
615 2469 652 2532 1..
676 2474 750 2532 375.
799 2469 866 2532 Mo.
890 2472 939 2532 81.

162 2574 344 2659 ‘Vapnlo
367 2572 504 2656 Papiria'
539 2574 569 2636 in
596 2573 764 2657 prouerbio
794 2573 857 2636 fuit
880 2572 1036 2657 antiquis,
1068 2571 1191 2655 dequo
1215 2569 1344 2636 Sinnius

163 2679 279 2763 Capito
304 2680 349 2744 sic
373 2679 471 2743 refert
494 2683 562 2741 tum
587 2678 648 2741 dici
671 2678 804 2741 solitum
827 2698 904 2755 esse,
928 2700 999 2742 cum
1019 2677 1134 2741 vellent
1148 2674 1344 2740 minantibus

143 2785 266 2848 -sibi¹²
296 2784 476 2868 significare
500 2803 533 2845 se
556 2804 609 2846 eos
632 2780 841 2866 neglegere¹³
869 2788 901 2846 et
925 2805 987 2846 non
1013 2804 1132 2859 curare,
1156 2782 1254 2844 fretos
1277 2780 1345 2842 iure

164 2886 333 2953 libertatis.
381 2886 513 2952 Plautus
537 2888 569 2950 in
593 2885 810 2950 Feneratrice:
836 2886 936 2951 ‘Heus
959 2891 1008 2951 tu!
1033 2888 1065 2949 iu
1082 2885 1238 2951 Barbaria
1260 2884 1342 2968 quod

163 2994 280 3057 dixisse
305 2992 422 3056 dicitur
446 2991 619 3056 libertus¹⁴
652 3013 727 3054 suae
751 2996 913 3073 patronae,
939 2991 970 3053 id
996 2994 1096 3075 ego²5
1123 2991 1232 3054 dico¹⁶
1260 3037 1342 3051 ....

231 3237 255 3302 1)
278 3233 326 3287 Ex
345 3239 399 3286 rest
419 3232 475 3285 Mo.
504 3231 556 3287 Ru
570 3233 643 3287 Mus
658 3233 708 3286 ΡΙι.
731 3237 831 3294 13,565.
859 3232 933 3285 Mae.
953 3238 1070 3296 (secutus
1084 3230 1260 3296 Rubr'noncm,
1280 3235 1343 3283 idm.
1364 3296 1367 3301 ⁴

165 3321 235 3390 Vcrf.
255 3324 308 3374 383
326 3338 354 3374 a.
374 3324 419 3383 2);
441 3319 585 3389 [Triginta
604 3320 748 3376 lictoribus
767 3320 823 3388 llax
842 3327 887 3374 cet.
910 3349 933 3358 -
974 3319 1018 3387 Cf.
1040 3318 1092 3373 Cic.
1111 3319 1143 3372 de
1161 3320 1177 3372 l.
1197 3336 1253 3387 apr.
1275 3322 1343 3384 212,

157 3412 206 3461 31:
225 3407 346 3462 comitiis
370 3436 397 3446 -
418 3404 476 3459 illis
495 3406 530 3459 ad
550 3407 667 3475 speciem
691 3409 776 3475 atque
795 3405 1011 3476 usurpationem
1032 3405 1182 3460 vetustatis
1200 3422 1249 3475 per
1269 3402 1344 3458 XXX

157 3494 269 3550 lictores
289 3493 475 3562 auspiciorum
493 3508 577 3546 causa
590 3493 774 3547 adumbratis.
799 3525 827 3533 —
848 3495 877 3559 2)
905 3493 946 3558 Cf.
966 3499 1028 3547 tom.
1040 3493 1061 3547 I
1073 3512 1098 3562 p.
1112 3496 1148 3546 26
1165 3494 1217 3547 tob.
1228 3491 1344 3559 Vitas,-

157 3582 224 3636 Isid.
245 3583 310 3650 οη).
332 3584 443 3643 16,12,2.
469 3606 503 3616 -
528 3581 556 3648 3)
577 3578 699 3632 adictam
721 3581 776 3632 cod.
802 3611 834 3620 -·
859 3581 886 3649 t)
906 3582 1037 3648 reliquom
1054 3582 1158 3650 plossne
1170 3588 1275 3650 purtem
1294 3597 1344 3633 om.

157 3669 186 3738 Q.
214 3697 244 3706 —-
276 3673 303 3733 5)
323 3667 411 3722 Rufus
432 3670 482 3721 ius.
508 3666 627 3721 Ursinus.
649 3697 680 3705 —
702 3669 729 3734 6)
754 3686 838 3736 quum
860 3667 895 3721 R.
915 3698 945 3707 —
968 3670 994 3736 ‘ll
1011 3676 1074 3737 post
1093 3667 1156 3722 debi
1240 3669 1344 3722 litatum

158 3758 246 3825 st'yunt
268 3756 304 3819 A,
320 3772 432 3824 perperis
452 3798 457 3808 .
474 3794 501 3808 ..
520 3752 592 3807 bant
612 3753 734 3819 antiqui,
757 3755 828 3822 quod
845 3762 884 3808 est
902 3757 1009 3808 initium
1024 3773 1087 3824 puy.
1106 3759 1245 3824 sequentis.
1269 3786 1295 3794 -
1317 3754 1344 3824 8)

160 3844 205 3897 ltu
226 3844 315 3912 suppl.
337 3841 431 3908 Nr'ed.,·
450 3841 541 3893 Mne:
560 3838 671 3894 duodec.
693 3842 803 3907 partem
825 3856 972 3892 usurarum
990 3841 1146 3895 soluturum
1166 3843 1234 3897 sorti
1254 3842 1345 3896 detra·

158 3932 267 3986 herent.
307 3930 348 3990 cf.
370 3928 504 3989 Strcuben
524 3929 653 3994 Zinssuss
673 3929 715 3981 bei
735 3928 760 3982 d.
782 3927 859 3981 Rom.
873 3932 984 3982 94-98.
1005 3958 1036 3967 -
1056 3929 1083 3997 9)
1102 3928 1256 3997 aesquilinn
1270 3926 1342 3982 GM.

158 4048 190 4058 -
212 4020 254 4087 10)
274 4017 335 4072 tab.
355 4018 407 4070 ins.
428 4016 491 4069 RS.
514 4045 537 4054 -
569 4014 609 4080 Cf.
629 4022 690 4069 toas.
710 4016 896 4083 1112011111.
917 4017 959 4084 11,
969 4021 992 4070 3.
1013 4047 1044 4055 —
1067 4017 1108 4081 11)
1127 4019 1165 4071 sic
1182 4016 1241 4085 Ao,
1260 4031 1344 4084 quae·

154 4105 276 4162 ationem
298 4105 353 4159 Rs.
384 4134 421 4145 —
448 4105 491 4172 12)
509 4104 549 4157 ibi
569 4103 644 4157 codd.
663 4104 769 4170 reliqui,
789 4118 838 4156 oni.
858 4105 893 4157 A.
918 4135 950 4144 -
982 4104 1024 4171 13)
1041 4104 1170 4171 reliquom
1187 4104 1222 4171 ol.
1238 4109 1343 4171 purtem

155 4211 206 4249 orn.
228 4194 259 4263 Q.
281 4223 308 4233 -
333 4195 379 4258 lt)
399 4192 516 4246 libertas
537 4192 657 4244 traditur
676 4189 723 4256 (R.
738 4191 795 4243 lect.
809 4191 883 4259 dieb.)
902 4221 936 4231 —
957 4193 1000 4258 15)
1017 4190 1045 4243 id
1057 4191 1119 4260 ego]
1139 4189 1200 4244 ideo
1219 4189 1344 4242 traditur.

158 4312 190 4321 -
214 4283 255 4349 16)
273 4282 380 4335 trintum
401 4280 535 4349 siqnidem
552 4280 625 4332 solus
643 4279 677 4331 A.
