2992 5040
684 330 813 385 Isidorus.
1295 334 1335 397 87

153 509 251 569 tatem
277 511 446 569 sumentee
494 504 571 570 Inde
600 506 677 588 qnia
700 528 755 588 per
778 510 1008 570 testamentum
1038 528 1103 569 non
1126 506 1256 581 fiebant,
1281 529 1338 571 nec

153 633 191 674 ex
216 614 408 674 testamento
436 611 558 694 aliquid
582 633 694 693 capere
716 632 774 674 nec
797 633 871 676 suos
895 611 1027 675 heredes
1050 610 1156 676 facere
1180 616 1337 695 poterant,

153 720 236 782 cives
269 716 406 781 Romani
441 724 552 800 postea
582 717 641 781 snb
670 717 855 780 consulibus
887 739 944 800 per
975 720 1169 780 testamenta
1202 716 1236 779 in
1259 717 1338 780 urbe

155 822 301 886 Romana
325 822 429 885 effecti
453 828 538 886 sunt.
586 824 637 885 52.
664 822 750 887 Dicti
775 828 882 886 autem
906 822 1021 885 cives
1045 819 1238 898 Romani,
1261 821 1337 904 quia

156 935 347 991 testamento
379 928 472 991 liberi
495 929 598 992 effecti
622 928 655 991 in
679 950 847 992 numerum
871 924 1090 990 Romanorum
1113 926 1230 989 civium
1254 926 1337 990 redi·

155 1040 287 1113 guntur.
336 1033 395 1096 His
428 1034 564 1116 primum
598 1034 703 1096 aditus
736 1038 805 1096 eret
836 1033 867 1094 in
900 1031 979 1095 urbe
1003 1029 1119 1119 Roma·
1136 1031 1336 1107 commorari,

154 1138 281 1202 ceteris¹
308 1144 414 1202 autem
438 1138 562 1202 libertis
587 1138 833 1220 prohibebatur,
865 1159 904 1200 ne
928 1136 977 1200 vel
1000 1135 1034 1199 in
1058 1136 1138 1198 urbe
1161 1132 1264 1198 Roma
1288 1134 1336 1199 vel

155 1243 240 1306 intra
264 1243 451 1325 septimum¹
479 1243 519 1305 ab
543 1242 622 1305 urbe
646 1242 819 1305 miliarium
844 1245 1090 1304 commanerent.

241 1347 269 1411 X
296 1347 369 1412 258.
417 1345 643 1429 Stipulare
669 1385 704 1393 -
743 1347 930 1429 promittere
963 1351 1012 1408 est
1045 1368 1083 1409 ex
1118 1345 1222 1409 verbis
1256 1345 1336 1408 iuria

155 1454 339 1536 peritorum.

241 1556 270 1620 X
295 1560 369 1621 260.
405 1556 644 1642 Sequeeter
664 1558 789 1634 dicitur,
815 1558 869 1641 qui
886 1558 1084 1623 certantibus
1100 1556 1222 1620 medius
1239 1557 1337 1621 inter·
1390 1572 1395 1580 ‘

156 1664 257 1739 vemt,
293 1663 347 1746 qui
372 1664 455 1746 apud
482 1662 619 1728 Graecos
650 1662 784 1744 ὁμὲσος
809 1663 941 1740 dicitur,
976 1662 1060 1746 apud
1084 1683 1178 1745 quem
1202 1661 1340 1745 pignora

154 1770 269 1851 deponi
300 1769 421 1842 scalen&
456 1769 538 1852 quod
565 1769 754 1832 vocabulum
788 1793 807 1832 a
830 1769 989 1853 sequendo
1018 1768 1139 1832 factum
1163 1773 1225 1845 est,
1254 1766 1338 1849 quod

155 1876 232 1948 eius,
257 1874 312 1957 qui
337 1875 455 1938 electus
479 1875 531 1949 sit,
557 1880 693 1958 utraque
717 1897 791 1957 pars
814 1873 907 1937 fidem
932 1871 1110 1957 sequatur².

243 1977 288 2041 XI
315 1981 342 2055 1,
369 1979 420 2042 67.
467 1978 629 2042 Dextra
657 1984 790 2041 vocatur
820 1977 986 2055 edendo,
1019 1977 1090 2060 ipsa
1112 1976 1198 2040 enim
1222 1976 1339 2060 pignus

155 2084 241 2165 pacis
266 2085 371 2159 datur,
396 2084 465 2166 ipsa
490 2083 562 2146 fidei
586 2084 678 2147 testis
702 2088 799 2167 atque
822 2083 935 2146 salutis
952 2082 1142 2156 adhibetur;
1168 2085 1200 2145 et
1215 2081 1275 2144 hoc
1290 2086 1339 2144 eet

154 2187 234 2250 illud
267 2189 350 2271 apud
380 2187 556 2252 Tullium⁸t
589 2189 692 2253 ‘fidem
723 2189 882 2272 publicam
917 2188 1005 2251 iussu
1029 2193 1159 2251 senatus
1182 2186 1275 2262 dedi',
1306 2186 1339 2250 id

155 2298 202 2356 est
227 2294 399 2356 dextram.
1179 2280 1182 2286 ¹

243 2397 303 2461 XV
328 2402 358 2477 2,
383 2402 411 2463 8.
459 2398 626 2462 Civitas
661 2399 788 2482 proprie
816 2400 948 2474 dicitur,
983 2420 1078 2482 quam
1103 2419 1166 2461 non
1190 2397 1339 2473 advenae,

155 2505 207 2567 sed
233 2504 342 2567 eodem
367 2502 469 2566 innati
493 2502 561 2566 solo
585 2504 797 2567 condiderunt
817 2540 871 2568 —.
921 2505 971 2567 10.
998 2502 1255 2583 Municipium
1280 2506 1340 2577 eet,

155 2611 238 2693 quod
272 2618 422 2672 manente
456 2612 543 2671 statu
574 2609 715 2672 civItatis
748 2609 798 2671 ius
821 2608 950 2692 aliquod
976 2609 1108 2671 minoris
1132 2612 1188 2671 aut
1211 2607 1340 2671 maioris

156 2714 254 2778 officii
279 2738 297 2777 a
320 2714 464 2797 principe
488 2714 649 2797 impetrat.
697 2713 828 2777 Dictum
851 2749 893 2760 —
914 2737 933 2776 a
950 2713 1077 2789 muniie,
1101 2712 1133 2776 id
1150 2719 1198 2775 est
1214 2711 1339 2786 officiis,

156 2820 239 2903 quod
265 2825 391 2882 tautum
416 2820 535 2893 mama,
561 2819 593 2882 id
617 2823 666 2882 est
689 2820 812 2882 tributa
835 2819 944 2883 debita
968 2819 1017 2883 vel
1040 2841 1172 2882 munera
1196 2818 1339 2881 reddant.

157 2923 239 2988 Nam
264 2925 412 2989 liberales
436 2928 467 2987 et
492 2924 723 2987 famosissimae
747 2947 860 2988 causae
885 2931 917 2988 et
941 2946 1022 3008 quae
1044 2946 1082 2987 ex
1100 2921 1242 3006 principe
1265 2942 1339 3004 pro·

157 3031 354 3105 ficiscuntur,
378 3030 423 3092 ibi
448 3052 510 3092 non
536 3035 688 3111 aguntur.
736 3028 823 3093 Haec
846 3030 930 3093 enim
954 3030 995 3093 ad
1012 3029 1202 3115 dignitatem
1226 3027 1338 3090 civita-

156 3142 224 3198 tum
249 3133 437 3217 pertinent⁵.
487 3134 536 3196 11.
562 3131 656 3197 vici
681 3137 714 3195 et
736 3133 917 3196 castella
939 3138 972 3197 et
995 3135 1089 3217 pagi
1113 3133 1136 3195 ii
1151 3136 1236 3209 sunt,
1254 3152 1336 3214 quae

156 3238 247 3302 nulla
274 3239 435 3318 dignitate
465 3237 606 3300 oivItatis
637 3241 809 3314 ornantur,
840 3237 892 3300 sed
922 3238 1048 3321 vulgari
1073 3237 1239 3300 hominum
1264 3256 1339 3299 con·

158 3350 256 3409 ventu
279 3344 465 3408 incoluntur
488 3348 520 3407 et
535 3348 666 3426 propter
690 3342 882 3427 parvitatem
899 3342 949 3406 sui
965 3340 1140 3406 maioribus
1156 3338 1341 3406 civitatibus

155 3451 387 3515 attribuuntur.

246 3553 306 3616 XV
335 3557 382 3631 12,
400 3556 429 3616 2.
476 3553 704 3639 'Iugarium
729 3552 838 3617 casula
862 3557 919 3628 est,
944 3574 1038 3636 quam
1064 3551 1189 3616 faciunt
1205 3551 1267 3613 sibi
1283 3572 1339 3614 cu·

157 3661 263 3724 stodes
287 3661 452 3724 vinearum
478 3661 516 3724 ad
541 3661 681 3739 tegimen
706 3660 764 3736 sui,
790 3658 881 3742 quasi
898 3658 1086 3741 tegurium⁶.
1113 3692 1148 3700 --
1171 3654 1262 3718 Hanc
1285 3677 1340 3718 ru·

157 3766 229 3828 stici
254 3765 448 3849 capammm⁷
475 3770 598 3841 vocant,
623 3765 707 3848 quod
732 3787 830 3828 uuum
855 3769 979 3827 tantum
1004 3765 1119 3847 capiat.

230 3903 254 3972 1)
270 3875 385 3967 osseae.
398 3908 508 3970 recen
529 3932 563 3943 -
582 3904 609 3967 a)
626 3902 668 3970 os.
682 3901 756 3956 Sere.
767 3903 835 3955 nen.
850 3907 888 3967 η,
895 3906 947 3954 133.
970 3900 1038 3954 oeci.
1051 3904 1197 3968 aaziae:
1215 3898 1340 3953 sennam

158 3989 243 4057 volgo
262 3989 316 4043 dIci
336 3991 416 4059 quani
436 3992 588 4053 seminam,
607 4010 688 4061 quem
708 3990 757 4059 qui
776 3990 939 4055 eleuantiua
959 4020 988 4029 -
1005 3991 1159 4058 loquuntur
1171 3989 1340 4058 sequestrem

158 4079 317 4148 appellant.
356 4080 513 4149 Utrumque
532 4080 700 4136 vocabulum
722 4098 739 4134 a
758 4079 898 4148 sequendo
918 4077 1025 4132 factum
1046 4075 1187 4145 estquod
1207 4075 1273 4133 eine.
1293 4074 1341 4143 qui

160 4167 266 4221 electus
285 4168 329 4221 eit.
351 4171 470 4236 utruque
489 4185 556 4236 pars
575 4168 656 4222 fidem
676 4170 818 4236 aequatur.
856 4165 894 4218 D.
913 4168 1062 4232 50,16‚110.
1101 4164 1219 4221 Mutter.
1245 4162 1341 4231 Seque·

158 4258 273 4309 stretton
293 4264 309 4321 9·
327 4261 416 4309 1—15.
444 4287 475 4296 -
505 4257 534 4323 3)
555 4256 618 4323 (Ic,
640 4258 718 4312 Catil.
738 4260 762 4314 3.
772 4258 824 4321 4,8.
854 4284 886 4292 -
915 4256 942 4318 4)
962 4253 1004 4321 Cf.
1024 4251 1096 4305 Seru.
1111 4253 1177 4304 Αεη.
1198 4254 1285 4317 3,6θ7,
1309 4281 1341 4289 -

157 4344 184 4410 5)
205 4342 247 4407 Cf.
267 4342 335 4396 (r'cll.
357 4347 438 4403 uma.
460 4374 487 4382 -
511 4346 537 4412 6)
561 4343 601 4409 Cf.
625 4343 695 4398 Fert.
716 4343 839 4411 tuguria.
866 4372 897 4381 —
918 4343 945 4408 7)
967 4340 1008 4408 Cf.
1028 4347 1088 4394 tom.
1109 4340 1168 4392 In.
1190 4338 1276 4391 1051.
1296 4340 1342 4396 19.-

157 4432 276 4499 act(um)
296 4431 440 4501 kanabfie)
459 4430 603 4500 Iegtionis)
623 4429 689 4484 XIII
709 4429 868 4500 gemIinae).
