2992 5040
1234 292 1282 359 XI

106 471 266 558 eligendos
288 469 384 547 locos,
408 469 470 534 sibi
494 470 620 549 habeat,
643 470 764 535 infitias
787 493 850 535 non
875 471 945 536 ibo:
969 471 1106 537 liberum
1123 473 1281 558 quoddam

106 595 219 660 intuli
250 616 285 658 re
306 593 538 659 concedendum
573 598 622 658 est
648 594 836 671 arbitrium
872 595 982 680 utique
1005 596 1179 662 cavendum
1201 596 1282 662 mibi

107 722 181 794 erat,
205 738 245 781 ne
267 715 368 781 nimia
389 716 481 780 fieret
503 715 605 780 libelli
629 715 735 782 moles.

189 838 322 904 Penitus
345 838 554 903 recedendum
578 862 596 903 a
618 840 725 924 priore
748 841 887 907 editione
912 842 992 907 mibi
1016 848 1085 907 erat
1106 843 1140 906 in
1163 843 1282 908 consti·

106 964 247 1028 stuendis
269 969 336 1029 tam
359 962 466 1048 legum
492 985 589 1046 quam
612 967 788 1029 ceterorum
812 964 953 1029 locorum
976 965 1175 1030 lectionibus.
1221 964 1281 1029 Et·

103 1087 185 1151 enim
208 1086 525 1150 abstinendumerat
548 1083 589 1149 ab
611 1086 697 1150 omni
721 1087 771 1151 cui
789 1087 986 1153 indulseram
1001 1088 1138 1167 licentia,
1162 1109 1202 1151 ne
1218 1108 1281 1152 aer·

101 1231 226 1274 monem
256 1207 423 1292 antiquum
454 1207 487 1270 in
523 1209 728 1273 recentiorem
765 1216 982 1274 converterem
1012 1232 1090 1275 neve
1122 1210 1188 1274 ullo
1219 1209 1282 1275 alio

103 1333 195 1397 modo
219 1331 379 1416 legitimas
402 1331 579 1416 scripturas
602 1338 776 1410 mutarem3
800 1335 987 1417 praesertim
1011 1335 1043 1398 in
1067 1333 1282 1418 inscriptioni·

104 1456 162 1519 bus
195 1454 432 1519 accuratissime
465 1454 711 1537 archetyporum
745 1458 869 1518 textum
905 1455 1016 1540 (etiam
1049 1457 1075 1520 si
1111 1454 1282 1541 orthogra-

104 1578 213 1662 phiam
236 1576 373 1661 spectas)
397 1578 531 1641 servari.
571 1575 773 1642 Necessariae
790 1579 942 1643 vitiorum
959 1578 1193 1643 emendationes
1209 1578 1281 1642 ubi·

100 1724 160 1786 que
190 1706 248 1765 aut
277 1702 363 1764 notis
386 1705 443 1764 aut
467 1700 650 1765 litterarum
673 1700 778 1765 forma
801 1701 957 1777 iudicavi3
992 1705 1084 1764 notas
1108 1723 1191 1778 vero,
1215 1703 1282 1765 tam

101 1825 227 1889 criticas
251 1845 347 1907 quam
369 1820 543 1888 litterarius
567 1828 600 1887 et
622 1827 813 1910 exegeticas,
847 1825 887 1889 ad
915 1830 1002 1890 artos
1025 1824 1101 1888 libri
1124 1823 1282 1888 manualis

98 1950 177 2015 lines
200 1948 317 2033 redegi.
363 1946 549 2033 Quicunque
579 1948 681 2033 igitur
703 1950 880 2014 accuratius
908 1947 1048 2032 aliquem
1069 1947 1173 2011 locum
1197 1950 1282 2011 trao-

101 2078 170 2137 tare
193 2071 289 2148 volet,
312 2071 350 2135 ad
376 2070 537 2136 uberiores
562 2071 803 2154 inscriptionum
832 2073 1033 2137 collectiones
1049 2071 1167 2135 aliosve
1183 2069 1282 2134 libros

99 2196 230 2261 accedat
260 2216 386 2259 necesse
412 2199 469 2260 est.
519 2193 658 2258 Tantum
682 2194 799 2258 etenim
824 2195 929 2271 abest,
963 2199 999 2258 ut
1024 2215 1157 2260 avocare
1180 2192 1220 2256 ab
1243 2192 1282 2256 iis

104 2319 207 2397 uelim,
233 2322 270 2381 ut
292 2317 430 2381 invitare
454 2319 603 2403 viamque
626 2318 666 2383 ad
688 2341 741 2383 eos
766 2319 889 2403 aperire
914 2319 1114 2402 propositum
1137 2316 1282 2381 habeam.

187 2440 225 2504 In
250 2441 355 2505 titulis
378 2440 610 2524 sepulcralibus
633 2446 665 2506 et
687 2442 720 2505 in
746 2442 904 2520 omnibus,
929 2461 1009 2525 quoa
1033 2462 1049 2504 e
1073 2437 1283 2522 scriptoribus

99 2565 216 2648 recepi,
239 2563 316 2628 locis
337 2561 503 2628 brevitatis
529 2564 634 2628 studio
661 2563 764 2627 multa
780 2563 918 2648 quidem,
944 2585 1024 2647 quae
1042 2562 1163 2627 adrem
1179 2584 1283 2626 meam

99 2685 208 2751 facere
230 2684 310 2750 mibi
333 2707 397 2749 non
420 2686 620 2764 videbantur,
644 2686 745 2760 omisi,
772 2707 895 2768 semper
921 2689 1027 2749 autem
1044 2685 1138 2750 certis
1154 2684 1282 2769 quibus·

98 2808 172 2873 darn
190 2808 293 2892 signis
308 2808 340 2871 id
356 2807 504 2874 indicavi.
530 2808 574 2875 ‘si
591 2809 663 2893 plus
680 2809 824 2873 minusve
839 2809 1003 2885 senuerim,
1020 2830 1053 2872 se
1066 2807 1178 2872 fraude
1192 2809 1281 2873 estu'

187 2931 316 2996 Gratias
345 2954 407 3018 ago
437 2930 496 3001 Tb.
523 2932 713 3015 Mommsen,
745 2933 799 3016 qui
826 2931 1072 3015 inscriptionum
1095 2930 1283 3014 apographa

100 3054 237 3119 comiter
268 3076 390 3119 mecum
419 3055 681 3131 communicavit,
715 3060 746 3118 et
774 3055 916 3124 nautico
941 3051 1073 3122 Drussol
1105 3052 1282 3137 philologo,

100 3199 198 3260 quem
223 3175 317 3240 dere
339 3179 551 3262 grammatica
573 3175 787 3242 consulebam.

185 3350 297 3417 Mense
319 3352 487 3417 Decembri
510 3377 539 3418 a.
564 3351 801 3419 Mucccuxx.
