2992 5040
153 336 220 401 314
636 329 757 383 Pecunia
773 334 860 384 certa.

243 511 281 577 Α.
307 511 424 576 Furius
448 509 600 597 R[ufu]s‚
634 509 717 594 quod
751 509 784 572 in
808 529 881 572 eum
906 509 1150 591 transscriptum
1176 506 1224 591 (²)
1250 511 1338 572 esta

156 612 190 678 0.
216 615 356 699 Casino]
387 615 502 690 Bass0,
533 617 664 698 apsenti
695 610 1336 700 [11111101ηῆηοωῑηῑδυηᾱαῂὴυε,

155 720 352 804 subsignatis
375 720 501 803 praedis
525 718 571 805 (⁴)
596 718 707 785 solvit:
731 719 775 783 M.
793 717 885 784 Iunio
901 717 1010 783 Silano
1027 719 1052 781 Α
1072 767 1079 782 .
1098 766 1105 781 .
1122 763 1155 782 ..
1180 717 1261 782 cos.¹
1285 720 1336 787 xii

154 823 269 909 m(ilis)
296 823 508 908 n(ummum);
533 824 581 905 (⁵)
598 824 655 888 HS
678 817 783 888 LVII!
801 823 917 899 miilisi
935 821 1128 906 n(ummum)
1153 822 1251 886 solvit
1267 823 1336 906 [Sn-

152 929 295 1012 turnin]o
318 933 350 993 ei
365 926 527 1011 Scipione¹
553 977 584 994 ..
605 978 611 992 .
631 978 637 991 .
656 927 809 1015 [aJdiesb.
829 979 836 992 .
857 979 863 991 .
883 928 930 1010 (⁶)
949 977 1110 992 .......
1130 928 1246 991 onii..
1266 924 1293 990 ‚³

388 1125 459 1189 131.
493 1131 520 1186 Ε.
548 1130 700 1199 sponsata.
729 1131 870 1198 (spuriae
889 1131 1092 1199 sospitam.)

232 1263 352 1331 Pompeis
375 1281 400 1318 n.
420 1266 488 1317 1875
516 1265 583 1317 cista
606 1263 695 1331 lipsien
717 1268 821 1316 ceratas
845 1261 953 1314 tabulas
977 1263 1115 1316 continens
1137 1263 1235 1331 effossa
1253 1272 1292 1318 est
1310 1267 1337 1317 in

154 1350 278 1403 cubiculo
296 1349 413 1417 prodam
431 1350 534 1415 domus,
553 1366 622 1418 quae
635 1350 724 1414 juisse
741 1348 847 1402 ridetur
864 1348 897 1402 L.
912 1347 1015 1403 Oacnii
1025 1349 1153 1403 iucundi.
1183 1350 1218 1403 In
1237 1351 1337 1417 eafue·

153 1442 219 1490 runt
245 1436 371 1503 diptycha
396 1452 456 1497 sex.
485 1438 621 1507 triptyeba
641 1436 756 1502 CXXI,
782 1437 860 1490 aride
882 1438 977 1490 muido
995 1454 1027 1491 ea
1039 1438 1101 1505 sere
1118 1441 1209 1492 omnia
1228 1456 1341 1508 suaque

154 1525 263 1579 sublata
286 1525 315 1576 in
333 1524 481 1593 plerisque,
508 1527 548 1580 ita
566 1533 653 1580 tamen
678 1531 708 1578 ur
727 1526 831 1578 litterae
849 1531 904 1578 tarn
922 1526 986 1579 stilo
1005 1541 1078 1578 cerac
1095 1527 1241 1593 impressae
1258 1543 1339 1594 quarn

156 1618 306 1667 anomento
324 1612 473 1680 inscriptae
491 1613 564 1680 iipno
581 1629 635 1665 non
651 1628 765 1680 prorsus
781 1613 919 1679 perierint.
957 1611 996 1664 Et
1021 1628 1054 1664 ear
1070 1613 1213 1680 serapinta
1232 1613 1339 1680 quidem

154 1698 296 1766 triptycbis
320 1714 375 1751 non
401 1704 544 1766 supersunt
568 1698 622 1751 nisi
644 1698 755 1751 nomina
778 1698 961 1767 sipnatorum,
985 1698 1105 1766 reliquas
1123 1705 1212 1752 autern
1231 1701 1341 1754 tabulae

152 1788 215 1856 pius
233 1787 323 1839 minus
344 1785 426 1840 lectae
442 1792 512 1839 sunt.
537 1785 580 1839 De
591 1787 694 1839 ratione
706 1785 929 1850 conficiendomrn
948 1785 1133 1853 diptychorum
1151 1793 1176 1840 et
1190 1788 1337 1857 triptyebo-

153 1891 214 1926 rum
232 1875 332 1942 epiricus
345 1890 374 1941 p.
384 1877 437 1927 252
448 1875 477 1926 in
490 1872 607 1928 exordio.
630 1871 770 1926 Continent
783 1888 872 1925 omnes
883 1872 934 1925 bae
946 1872 1056 1926 tabulae
1069 1873 1188 1940 apoebas
1206 1876 1340 1941 pecunimr

155 1961 260 2014 solutae
283 1978 301 2013 a
324 1960 448 2014 iucundo
471 1966 520 2013 eut
540 1966 652 2029 propter
674 1961 812 2014 auctiones
833 1977 884 2028 pro
911 1961 975 2014 aliis
998 1962 1138 2014 institutas
1155 1967 1205 2015 aut
1225 1978 1259 2015 ex
1277 1978 1339 2015 con·

156 2047 328 2102 ductionibus
348 2065 438 2102 rerum
457 2048 494 2101 ad
510 2049 642 2102 colomani
661 2047 887 2115 Pompeianorum
900 2049 1101 2116 pertinentium.
1119 2077 1154 2086 —
1173 2047 1259 2101 Edita
1277 2054 1340 2101 sunt

154 2153 173 2188 a
191 2135 266 2188 lulio
284 2134 316 2188 de
328 2134 416 2200 Petra,
437 2136 461 2188 ie
479 2137 600 2189 taoaictte
618 2142 704 2188 cerate
715 2135 745 2187 di
760 2135 878 2203 Pompei,
900 2133 1002 2188 Ranae
1014 2137 1087 2188 1876.
1112 2134 1339 2189 Commentariun

159 2224 268 2290 scripsit
287 2222 360 2288 Mo,
386 2223 498 2276 Hermes
521 2225 695 2289 1:2‚88-141,
721 2239 796 2290 quern
815 2223 955 2289 repetitnm
972 2227 997 2274 et
1015 2227 1124 2275 auctum
1139 2223 1291 2290 publicavit
1309 2224 1339 2275 in

160 2307 291 2362 Giornaie
316 2309 386 2378 depli
407 2312 483 2363 scari
500 2310 529 2363 di
548 2310 663 2378 Pompei,
683 2312 758 2375 1879,
778 2327 804 2376 p.
824 2313 950 2362 70-115.
987 2308 1102 2362 Addidit
1122 2309 1183 2362 XX
1202 2310 1339 2378 triptycba

156 2396 296 2450 emendata
314 2397 348 2450 ab
367 2399 427 2465 ipso
446 2405 471 2451 et
489 2399 523 2451 ab
541 2400 576 2451 Α.
597 2398 666 2450 Man
685 2405 709 2451 et
724 2397 750 2451 C.
765 2398 969 2466 Zanpcmeister.
999 2396 1146 2465 [Brunnen
1165 2414 1216 2450 sur
1228 2397 1340 2453 Rechts·

154 2483 302 2551 ycscbiebte
320 2484 367 2535 der
384 2485 533 2538 romiscben
551 2485 609 2538 und
624 2484 824 2553 permarn'sciien
848 2483 991 2537 Uriunden
1012 2483 1032 2536 1
1045 2502 1070 2538 a.
1090 2487 1160 2538 1880
1177 2503 1205 2552 p.
1218 2488 1268 2552 44;
1287 2485 1340 2538 Er·

154 2588 233 2633 inan,
258 2588 307 2623 rur
331 2571 485 2626 Gcsciiirbtr
508 2573 555 2625 der
573 2572 722 2626 rrimrscben
741 2570 903 2641 Quittunpen
929 2571 987 2624 und
1006 2569 1218 2633 Saturionsacn.
1244 2572 1339 2626 Beriiii

154 2660 238 2723 1883;
264 2658 359 2711 Hrura
384 2661 413 2710 in
433 2657 640 2712 Grneniiutiana
665 2659 825 2728 ephemeride
844 2662 943 2724 12:249.
984 2658 1078 2712 Huius
1102 2659 1232 2713 editionis
1256 2677 1338 2714 caiisa

157 2745 353 2812 Znnpemerster
377 2752 466 2799 noster
489 2746 576 2800 editor
603 2764 695 2800 earum
715 2747 832 2813 futurus
850 2762 918 2813 qnae
936 2762 984 2799 nos
1003 2747 1149 2813 recepimus
1168 2750 1260 2800 omnin
1278 2748 1338 2801 diii·

153 2838 245 2900 penter
262 2833 420 2899 recopnooit.
448 2831 498 2886 Tri.
520 2831 567 2899 111

562 2997 588 3036 a.
617 2981 757 3049 Aposhus
775 2980 922 3048 privasse.

311 3104 610 3170 Professiones
638 3105 677 3167 in
702 3104 960 3187 scripturam
983 3104 1175 3168 collatae.

246 3241 362 3297 Diverso
386 3251 530 3296 occurrunt
551 3245 724 3310 privatarum
746 3242 911 3308 apocbarrnn
926 3258 1040 3309 ponera:
1068 3247 1117 3294 aut
1135 3244 1205 3295 enini
1225 3243 1339 3296 creditor·

160 3329 261 3383 dixisse
280 3331 381 3384 dicitur
399 3346 428 3384 ss
447 3332 591 3400 accepisse,
611 3335 659 3382 nort
680 3332 737 3395 ipse
755 3330 860 3381 scribit:
888 3328 984 3396 scripsi
1005 3344 1048 3382 ms
1068 3328 1213 3398 socepisse,
1232 3336 1281 3382 nint
1299 3332 1337 3380 in·

159 3419 256 3470 teriore
272 3420 408 3485 scriptura
427 3417 528 3471 dixisse
546 3433 607 3470 eum
629 3418 732 3484 icfitnr,
751 3419 880 3469 exteriore
898 3419 954 3483 ipse
973 3418 1106 3484 loquitur:
1125 3417 1222 3486 scripsi
1238 3432 1282 3471 ms
1294 3432 1339 3469 sc·

158 3503 270 3572 cepisse.
308 3506 435 3572 Apocirae
460 3521 528 3571 qaas
552 3506 610 3572 ipse
632 3506 741 3571 scripsit
766 3504 946 3572 chiroprnpba
966 3504 1117 3572 appellatae
1133 3509 1211 3569 sunt,
1240 3511 1340 3557 cernae

159 3592 274 3659 propria
293 3598 384 3644 carent
402 3592 586 3659 ‹ippeiintionn
624 3591 804 3658 Differentiae
822 3607 904 3643 consa
922 3590 1005 3642 dubr'a
1024 3597 1069 3643 cst.
1098 3590 1153 3644 Mo.
1174 3607 1220 3644 eas
1233 3591 1339 3644 tabulas

157 3679 255 3747 quibus
281 3680 405 3744 formula
432 3677 504 3731 dixit
528 3694 557 3731 ss
580 3678 716 3745 accepisse
738 3679 819 3744 inest,
847 3678 1063 3744 acceptilatrbnes
1088 3679 1222 3732 continere
1245 3684 1335 3745 putat.

159 3764 258 3818 Contra
284 3781 331 3834 epo
349 3765 487 3832 disputari
511 3768 540 3818 in
560 3766 646 3820 ZRG.
666 3772 761 3833 13,362
777 3785 846 3835 seqq.
890 3768 1000 3821 Videtur
1018 3770 1086 3822 mibi
1099 3770 1224 3837 formula
1242 3771 1292 3824 illa
1309 3770 1339 3823 id

155 3855 291 3922 ncpotium
309 3854 467 3922 siprificare,
487 3854 558 3922 quod
575 3856 604 3907 in
627 3854 653 3907 C.
673 3858 776 3921 spati
798 3856 973 3909 describitur:
992 3856 1128 3909 Pernnine
1147 3856 1257 3910 solutus
1275 3873 1338 3925 pro·

155 3939 238 3994 fessio
265 3941 294 4010 [i.
314 3957 332 3993 e
360 3956 453 3995 eoram
482 3939 600 3994 testibus
628 3941 705 3995 facts
731 3942 878 4011 consessio]
907 3943 1014 3997 collata
1042 3943 1244 4007 instrumento,
1270 3961 1339 4012 qnae

156 4030 254 4094 gestas
278 4027 318 4082 rsi
338 4029 531 4096 probationem
551 4029 693 4082 continere
711 4029 824 4094 (dcitur,-
852 4030 919 4082 idern
939 4032 1022 4098 ipitar
1040 4036 1091 4097 cst,
1121 4031 1194 4098 quod
1212 4047 1291 4098 saepe
1308 4030 1339 4082 in

155 4115 256 4168 tabuiis
272 4115 497 4168 Transsitcanicis
516 4119 632 4169 occurrit
648 4118 745 4170 serbis:
764 4116 837 4170 dixit
850 4135 878 4171 se
892 4116 1036 4186 accepisse,
1056 4117 1165 4170 fatetur
1184 4133 1213 4170 ss
1232 4117 1338 4173 locuste

230 4318 255 4384 1)
275 4317 331 4384 Cfr.
352 4318 512 4370 Exordium.
532 4344 566 4354 -
583 4317 612 4385 2)
629 4336 656 4385 p.
671 4315 733 4370 Cirr.
752 4320 791 4370 56.
812 4347 845 4355 -
864 4319 892 4384 3)
910 4322 962 4370 nb
981 4324 1004 4369 et
1024 4321 1041 4369 6
1062 4316 1198 4371 Huciseno
1217 4318 1341 4372 videntur

154 4412 219 4473 post
238 4405 407 4457 interi-aliurn
427 4404 551 4469 temporis
568 4405 652 4457 ineisa
672 4420 732 4458 esse.
