<?xml version="1.0" encoding="UTF-8"?>
<!DOCTYPE html PUBLIC "-//W3C//DTD XHTML 1.0 Transitional//EN"
    "http://www.w3.org/TR/xhtml1/DTD/xhtml1-transitional.dtd">
<html xmlns="http://www.w3.org/1999/xhtml" xml:lang="en" lang="en">
 <head>
  <title>
</title>
<meta http-equiv="Content-Type" content="text/html;charset=utf-8" />
  <meta name='ocr-system' content='tesseract 3.04.00' />
  <meta name='ocr-capabilities' content='ocr_page ocr_carea ocr_par ocr_line ocrx_word'/>
</head>
<body>
  <div class='ocr_page' id='page_1' title='image "./fontesiurisroma03brungoog_0124.png"; bbox 0 0 2992 5040; ppageno 0'>
   <div class='ocr_carea' id='block_1_1' title="bbox 193 332 1059 404">
    <p class='ocr_par' dir='ltr' id='par_1_1' title="bbox 193 332 1059 404">
     <span class='ocr_line' id='line_1_1' title="bbox 193 332 1059 404; baseline -0.005 -14"><span class='ocrx_word' id='word_1_1' title='bbox 193 336 235 400; x_wconf 88' lang='lat'>92</span> <span class='ocrx_word' id='word_1_2' title='bbox 510 334 565 389; x_wconf 86' lang='lat' dir='ltr'>Lex</span> <span class='ocrx_word' id='word_1_3' title='bbox 584 332 715 391; x_wconf 82' lang='lat' dir='ltr'>Cornelia</span> <span class='ocrx_word' id='word_1_4' title='bbox 732 334 768 388; x_wconf 86' lang='lat' dir='ltr'>de</span> <span class='ocrx_word' id='word_1_5' title='bbox 787 334 837 388; x_wconf 83' lang='lat' dir='ltr'>XX</span> <span class='ocrx_word' id='word_1_6' title='bbox 856 334 1059 404; x_wconf 72' lang='lat' dir='ltr'><strong>quaestoribus.</strong></span> 
     </span>
    </p>
   </div>
   <div class='ocr_carea' id='block_1_2' title="bbox 152 509 1391 4468">
    <p class='ocr_par' dir='ltr' id='par_1_2' title="bbox 152 509 1391 4468">
     <span class='ocr_line' id='line_1_2' title="bbox 195 509 1380 596; baseline 0.001 -21"><span class='ocrx_word' id='word_1_7' title='bbox 195 511 267 575; x_wconf 91' lang='lat' dir='ltr'>dine</span> <span class='ocrx_word' id='word_1_8' title='bbox 291 511 405 596; x_wconf 82' lang='lat' dir='ltr'>dignos</span> <span class='ocrx_word' id='word_1_9' title='bbox 428 510 684 588; x_wconf 90' lang='lat' dir='ltr'>arbitrabuntur,</span> <span class='ocrx_word' id='word_1_10' title='bbox 708 510 850 595; x_wconf 76' lang='lat' dir='ltr'><strong>legunto.</strong></span> <span class='ocrx_word' id='word_1_11' title='bbox 897 509 1000 584; x_wconf 84' lang='lat' dir='ltr'>Quam</span> <span class='ocrx_word' id='word_1_12' title='bbox 1024 510 1058 574; x_wconf 92' lang='lat' dir='ltr'>in</span> <span class='ocrx_word' id='word_1_13' title='bbox 1074 511 1209 595; x_wconf 88' lang='lat' dir='ltr'>quisque</span> <span class='ocrx_word' id='word_1_14' title='bbox 1232 513 1303 593; x_wconf 79' lang='lat'>(⁸⁴)</span> <span class='ocrx_word' id='word_1_15' title='bbox 1324 512 1380 576; x_wconf 89' lang='lat' dir='ltr'>de·</span> 
     </span>
     <span class='ocr_line' id='line_1_3' title="bbox 194 613 1380 700; baseline 0.003 -22"><span class='ocrx_word' id='word_1_16' title='bbox 194 615 315 679; x_wconf 88' lang='lat' dir='ltr'>curiam</span> <span class='ocrx_word' id='word_1_17' title='bbox 337 616 384 680; x_wconf 90' lang='lat' dir='ltr'>ita</span> <span class='ocrx_word' id='word_1_18' title='bbox 407 615 511 679; x_wconf 88' lang='lat' dir='ltr'>viator</span> <span class='ocrx_word' id='word_1_19' title='bbox 534 616 635 680; x_wconf 89' lang='lat' dir='ltr'>lectus</span> <span class='ocrx_word' id='word_1_20' title='bbox 658 615 733 692; x_wconf 87' lang='lat' dir='ltr'>erit,</span> <span class='ocrx_word' id='word_1_21' title='bbox 765 613 793 678; x_wconf 92' lang='lat' dir='ltr'>is</span> <span class='ocrx_word' id='word_1_22' title='bbox 816 614 849 678; x_wconf 94' lang='lat' dir='ltr'>in</span> <span class='ocrx_word' id='word_1_23' title='bbox 873 637 911 678; x_wconf 90' lang='lat' dir='ltr'>ea</span> <span class='ocrx_word' id='word_1_24' title='bbox 934 615 1062 681; x_wconf 86' lang='lat' dir='ltr'>decuria</span> <span class='ocrx_word' id='word_1_25' title='bbox 1086 615 1190 680; x_wconf 88' lang='lat' dir='ltr'>viator</span> <span class='ocrx_word' id='word_1_26' title='bbox 1215 617 1287 700; x_wconf 81' lang='lat'>(³⁵)</span> <span class='ocrx_word' id='word_1_27' title='bbox 1310 622 1380 681; x_wconf 88' lang='lat' dir='ltr'>esto</span> 
     </span>
     <span class='ocr_line' id='line_1_4' title="bbox 194 719 1381 807; baseline 0.002 -24"><span class='ocrx_word' id='word_1_28' title='bbox 194 721 272 784; x_wconf 90' lang='lat' dir='ltr'>item</span> <span class='ocrx_word' id='word_1_29' title='bbox 301 720 368 785; x_wconf 90' lang='lat' dir='ltr'>utei</span> <span class='ocrx_word' id='word_1_30' title='bbox 399 721 512 784; x_wconf 87' lang='lat' dir='ltr'>ceterei</span> <span class='ocrx_word' id='word_1_31' title='bbox 543 720 610 785; x_wconf 91' lang='lat' dir='ltr'>eius</span> <span class='ocrx_word' id='word_1_32' title='bbox 637 719 782 783; x_wconf 90' lang='lat' dir='ltr'>decuriae</span> <span class='ocrx_word' id='word_1_33' title='bbox 804 720 943 785; x_wconf 80' lang='lat' dir='ltr'>viatores</span> <span class='ocrx_word' id='word_1_34' title='bbox 966 725 1070 785; x_wconf 88' lang='lat' dir='ltr'>erunt.</span> <span class='ocrx_word' id='word_1_35' title='bbox 1118 720 1188 806; x_wconf 77' lang='lat'>(³¹)</span> <span class='ocrx_word' id='word_1_36' title='bbox 1213 720 1381 807; x_wconf 81' lang='lat' dir='ltr'>Quamque</span> 
     </span>
     <span class='ocr_line' id='line_1_5' title="bbox 195 823 1382 909; baseline 0.003 -22"><span class='ocrx_word' id='word_1_37' title='bbox 195 826 227 887; x_wconf 93' lang='lat' dir='ltr'>in</span> <span class='ocrx_word' id='word_1_38' title='bbox 252 825 386 909; x_wconf 87' lang='lat' dir='ltr'>quisque</span> <span class='ocrx_word' id='word_1_39' title='bbox 409 825 568 889; x_wconf 87' lang='lat' dir='ltr'>decuriam</span> <span class='ocrx_word' id='word_1_40' title='bbox 590 825 636 888; x_wconf 89' lang='lat' dir='ltr'>ita</span> <span class='ocrx_word' id='word_1_41' title='bbox 660 845 772 907; x_wconf 89' lang='lat' dir='ltr'>praeco</span> <span class='ocrx_word' id='word_1_42' title='bbox 795 823 898 888; x_wconf 89' lang='lat' dir='ltr'>lectus</span> <span class='ocrx_word' id='word_1_43' title='bbox 921 825 992 902; x_wconf 88' lang='lat' dir='ltr'>erit,</span> <span class='ocrx_word' id='word_1_44' title='bbox 1017 826 1085 906; x_wconf 81' lang='lat'>(³⁷)</span> <span class='ocrx_word' id='word_1_45' title='bbox 1107 824 1135 889; x_wconf 92' lang='lat' dir='ltr'>is</span> <span class='ocrx_word' id='word_1_46' title='bbox 1150 826 1182 889; x_wconf 92' lang='lat' dir='ltr'>in</span> <span class='ocrx_word' id='word_1_47' title='bbox 1200 848 1237 890; x_wconf 91' lang='lat' dir='ltr'>ea</span> <span class='ocrx_word' id='word_1_48' title='bbox 1252 827 1382 891; x_wconf 89' lang='lat' dir='ltr'>decuria</span> 
     </span>
     <span class='ocr_line' id='line_1_6' title="bbox 195 927 1381 1013; baseline 0.002 -21"><span class='ocrx_word' id='word_1_49' title='bbox 195 951 310 1012; x_wconf 88' lang='lat' dir='ltr'>praeco</span> <span class='ocrx_word' id='word_1_50' title='bbox 333 934 401 994; x_wconf 89' lang='lat' dir='ltr'>esto</span> <span class='ocrx_word' id='word_1_51' title='bbox 424 929 471 993; x_wconf 86' lang='lat' dir='ltr'>ita</span> <span class='ocrx_word' id='word_1_52' title='bbox 493 929 560 993; x_wconf 89' lang='lat' dir='ltr'>utei</span> <span class='ocrx_word' id='word_1_53' title='bbox 583 928 697 992; x_wconf 89' lang='lat' dir='ltr'>ceterei</span> <span class='ocrx_word' id='word_1_54' title='bbox 722 927 789 991; x_wconf 91' lang='lat' dir='ltr'>eius</span> <span class='ocrx_word' id='word_1_55' title='bbox 813 928 960 992; x_wconf 88' lang='lat' dir='ltr'>decuriae</span> <span class='ocrx_word' id='word_1_56' title='bbox 984 930 1058 1012; x_wconf 81' lang='lat'>(³⁸)</span> <span class='ocrx_word' id='word_1_57' title='bbox 1083 951 1253 1013; x_wconf 80' lang='lat' dir='ltr'>praecones</span> <span class='ocrx_word' id='word_1_58' title='bbox 1277 937 1381 995; x_wconf 88' lang='lat' dir='ltr'>erunt.</span> 
     </span>
     <span class='ocr_line' id='line_1_7' title="bbox 197 1029 1382 1119; baseline 0.004 -24"><span class='ocrx_word' id='word_1_59' title='bbox 197 1029 400 1118; x_wconf 88' lang='lat' dir='ltr'>Sirempsque</span> <span class='ocrx_word' id='word_1_60' title='bbox 434 1033 479 1097; x_wconf 90' lang='lat' dir='ltr'>eis</span> <span class='ocrx_word' id='word_1_61' title='bbox 503 1032 679 1097; x_wconf 87' lang='lat' dir='ltr'>viatoribus</span> <span class='ocrx_word' id='word_1_62' title='bbox 703 1033 803 1117; x_wconf 88' lang='lat' dir='ltr'>deque</span> <span class='ocrx_word' id='word_1_63' title='bbox 828 1034 899 1115; x_wconf 79' lang='lat'>(³⁹)</span> <span class='ocrx_word' id='word_1_64' title='bbox 924 1034 969 1097; x_wconf 90' lang='lat' dir='ltr'>eis</span> <span class='ocrx_word' id='word_1_65' title='bbox 993 1034 1170 1098; x_wconf 87' lang='lat' dir='ltr'>viatoribus</span> <span class='ocrx_word' id='word_1_66' title='bbox 1193 1037 1382 1119; x_wconf 87' lang='lat' dir='ltr'>q(naestori)</span> 
     </span>
     <span class='ocr_line' id='line_1_8' title="bbox 199 1137 1382 1223; baseline 0.004 -24"><span class='ocrx_word' id='word_1_67' title='bbox 199 1138 340 1201; x_wconf 90' lang='lat' dir='ltr'>omnium</span> <span class='ocrx_word' id='word_1_68' title='bbox 366 1158 472 1201; x_wconf 91' lang='lat' dir='ltr'>rerum</span> <span class='ocrx_word' id='word_1_69' title='bbox 495 1138 568 1201; x_wconf 88' lang='lat' dir='ltr'>inus</span> <span class='ocrx_word' id='word_1_70' title='bbox 591 1137 706 1221; x_wconf 85' lang='lat' dir='ltr'>lexque</span> <span class='ocrx_word' id='word_1_71' title='bbox 729 1141 807 1213; x_wconf 86' lang='lat' dir='ltr'>esto,</span> <span class='ocrx_word' id='word_1_72' title='bbox 841 1139 948 1222; x_wconf 85' lang='lat' dir='ltr'>quassi</span> <span class='ocrx_word' id='word_1_73' title='bbox 973 1137 1043 1223; x_wconf 82' lang='lat'>(⁴⁰)</span> <span class='ocrx_word' id='word_1_74' title='bbox 1067 1140 1111 1203; x_wconf 92' lang='lat' dir='ltr'>sei</span> <span class='ocrx_word' id='word_1_75' title='bbox 1136 1140 1163 1203; x_wconf 90' lang='lat' dir='ltr'>ei</span> <span class='ocrx_word' id='word_1_76' title='bbox 1188 1140 1326 1204; x_wconf 86' lang='lat' dir='ltr'>viatores</span> <span class='ocrx_word' id='word_1_77' title='bbox 1348 1141 1382 1204; x_wconf 90' lang='lat' dir='ltr'>in</span> 
     </span>
     <span class='ocr_line' id='line_1_9' title="bbox 196 1241 1383 1327; baseline 0.004 -25"><span class='ocrx_word' id='word_1_78' title='bbox 196 1261 265 1304; x_wconf 90' lang='lat' dir='ltr'>eam</span> <span class='ocrx_word' id='word_1_79' title='bbox 295 1241 454 1306; x_wconf 89' lang='lat' dir='ltr'>decuriam</span> <span class='ocrx_word' id='word_1_80' title='bbox 486 1242 520 1305; x_wconf 91' lang='lat' dir='ltr'>iu</span> <span class='ocrx_word' id='word_1_81' title='bbox 555 1242 658 1306; x_wconf 91' lang='lat' dir='ltr'>tribus</span> <span class='ocrx_word' id='word_1_82' title='bbox 688 1243 865 1306; x_wconf 88' lang='lat' dir='ltr'>viatoribus</span> <span class='ocrx_word' id='word_1_83' title='bbox 900 1245 972 1327; x_wconf 81' lang='lat'>(¹¹)</span> <span class='ocrx_word' id='word_1_84' title='bbox 996 1248 1091 1307; x_wconf 89' lang='lat' dir='ltr'>antea</span> <span class='ocrx_word' id='word_1_85' title='bbox 1114 1243 1204 1308; x_wconf 87' lang='lat' dir='ltr'>lectei</span> <span class='ocrx_word' id='word_1_86' title='bbox 1228 1245 1383 1309; x_wconf 85' lang='lat' dir='ltr'>sublectei</span> 
     </span>
     <span class='ocr_line' id='line_1_10' title="bbox 152 1347 1384 1434; baseline 0 -22"><span class='ocrx_word' id='word_1_87' title='bbox 152 1357 186 1412; x_wconf 84' lang='lat'>11.</span> <span class='ocrx_word' id='word_1_88' title='bbox 196 1350 320 1423; x_wconf 91' lang='lat' dir='ltr'>essent,</span> <span class='ocrx_word' id='word_1_89' title='bbox 354 1368 449 1429; x_wconf 91' lang='lat' dir='ltr'>quam</span> <span class='ocrx_word' id='word_1_90' title='bbox 474 1347 506 1410; x_wconf 94' lang='lat' dir='ltr'>in</span> <span class='ocrx_word' id='word_1_91' title='bbox 532 1347 666 1431; x_wconf 88' lang='lat' dir='ltr'>quisque</span> <span class='ocrx_word' id='word_1_92' title='bbox 689 1347 848 1410; x_wconf 88' lang='lat' dir='ltr'>decuriam</span> <span class='ocrx_word' id='word_1_93' title='bbox 873 1348 920 1430; x_wconf 95' lang='lat'>(¹)</span> <span class='ocrx_word' id='word_1_94' title='bbox 944 1369 1053 1412; x_wconf 90' lang='lat' dir='ltr'>eorum</span> <span class='ocrx_word' id='word_1_95' title='bbox 1077 1371 1115 1413; x_wconf 86' lang='lat' dir='ltr'>ex</span> <span class='ocrx_word' id='word_1_96' title='bbox 1137 1348 1197 1413; x_wconf 90' lang='lat' dir='ltr'>hac</span> <span class='ocrx_word' id='word_1_97' title='bbox 1219 1348 1291 1434; x_wconf 78' lang='lat' dir='ltr'>lege</span> <span class='ocrx_word' id='word_1_98' title='bbox 1315 1349 1384 1412; x_wconf 79' lang='lat' dir='ltr'>aia-</span> 
     </span>
     <span class='ocr_line' id='line_1_11' title="bbox 199 1449 1383 1537; baseline 0.004 -25"><span class='ocrx_word' id='word_1_99' title='bbox 199 1454 251 1512; x_wconf 89' lang='lat' dir='ltr'>tor</span> <span class='ocrx_word' id='word_1_100' title='bbox 273 1449 374 1514; x_wconf 88' lang='lat' dir='ltr'>lectus</span> <span class='ocrx_word' id='word_1_101' title='bbox 398 1451 467 1516; x_wconf 91' lang='lat' dir='ltr'>erit.</span> <span class='ocrx_word' id='word_1_102' title='bbox 515 1449 719 1535; x_wconf 87' lang='lat' dir='ltr'>Sirempsque</span> <span class='ocrx_word' id='word_1_103' title='bbox 741 1449 787 1514; x_wconf 92' lang='lat' dir='ltr'>eis</span> <span class='ocrx_word' id='word_1_104' title='bbox 810 1455 856 1533; x_wconf 80' lang='lat'>(²)</span> <span class='ocrx_word' id='word_1_105' title='bbox 881 1454 1091 1536; x_wconf 83' lang='lat' dir='ltr'>praeconibus</span> <span class='ocrx_word' id='word_1_106' title='bbox 1114 1453 1214 1536; x_wconf 88' lang='lat' dir='ltr'>deque</span> <span class='ocrx_word' id='word_1_107' title='bbox 1229 1455 1274 1517; x_wconf 84' lang='lat' dir='ltr'>eis</span> <span class='ocrx_word' id='word_1_108' title='bbox 1289 1476 1383 1537; x_wconf 91' lang='lat' dir='ltr'>prae·</span> 
     </span>
     <span class='ocr_line' id='line_1_12' title="bbox 198 1546 1383 1641; baseline 0.001 -23"><span class='ocrx_word' id='word_1_109' title='bbox 198 1554 330 1619; x_wconf 90' lang='lat' dir='ltr'>conibus</span> <span class='ocrx_word' id='word_1_110' title='bbox 364 1557 524 1640; x_wconf 78' lang='lat' dir='ltr'>quaestori</span> <span class='ocrx_word' id='word_1_111' title='bbox 559 1557 702 1620; x_wconf 91' lang='lat' dir='ltr'>omnium</span> <span class='ocrx_word' id='word_1_112' title='bbox 734 1546 780 1640; x_wconf 80' lang='lat'>(³)</span> <span class='ocrx_word' id='word_1_113' title='bbox 804 1579 909 1620; x_wconf 79' lang='lat' dir='ltr'>reruni</span> <span class='ocrx_word' id='word_1_114' title='bbox 934 1556 1006 1620; x_wconf 88' lang='lat' dir='ltr'>inus</span> <span class='ocrx_word' id='word_1_115' title='bbox 1033 1556 1147 1641; x_wconf 84' lang='lat' dir='ltr'>lexque</span> <span class='ocrx_word' id='word_1_116' title='bbox 1170 1563 1248 1636; x_wconf 89' lang='lat' dir='ltr'>esto,</span> <span class='ocrx_word' id='word_1_117' title='bbox 1273 1557 1383 1641; x_wconf 91' lang='lat' dir='ltr'>quasei</span> 
     </span>
     <span class='ocr_line' id='line_1_13' title="bbox 199 1660 1384 1746; baseline 0.001 -22"><span class='ocrx_word' id='word_1_118' title='bbox 199 1660 244 1724; x_wconf 89' lang='lat' dir='ltr'>sei</span> <span class='ocrx_word' id='word_1_119' title='bbox 280 1660 308 1725; x_wconf 91' lang='lat' dir='ltr'>ei</span> <span class='ocrx_word' id='word_1_120' title='bbox 342 1682 510 1744; x_wconf 79' lang='lat' dir='ltr'>praecones</span> <span class='ocrx_word' id='word_1_121' title='bbox 544 1661 577 1724; x_wconf 93' lang='lat' dir='ltr'>in</span> <span class='ocrx_word' id='word_1_122' title='bbox 609 1682 677 1725; x_wconf 90' lang='lat' dir='ltr'>eam</span> <span class='ocrx_word' id='word_1_123' title='bbox 712 1663 758 1742; x_wconf 81' lang='lat'>(⁴)</span> <span class='ocrx_word' id='word_1_124' title='bbox 788 1662 948 1726; x_wconf 85' lang='lat' dir='ltr'>decuriam</span> <span class='ocrx_word' id='word_1_125' title='bbox 980 1663 1014 1725; x_wconf 91' lang='lat' dir='ltr'>in</span> <span class='ocrx_word' id='word_1_126' title='bbox 1046 1663 1150 1726; x_wconf 90' lang='lat' dir='ltr'>tribus</span> <span class='ocrx_word' id='word_1_127' title='bbox 1172 1663 1384 1746; x_wconf 77' lang='lat' dir='ltr'>praeconibus</span> 
     </span>
     <span class='ocr_line' id='line_1_14' title="bbox 200 1766 1384 1851; baseline 0.001 -22"><span class='ocrx_word' id='word_1_128' title='bbox 200 1770 293 1830; x_wconf 89' lang='lat' dir='ltr'>antea</span> <span class='ocrx_word' id='word_1_129' title='bbox 318 1766 410 1831; x_wconf 88' lang='lat' dir='ltr'>lectei</span> <span class='ocrx_word' id='word_1_130' title='bbox 433 1766 586 1830; x_wconf 90' lang='lat' dir='ltr'>sublectei</span> <span class='ocrx_word' id='word_1_131' title='bbox 611 1767 660 1848; x_wconf 88' lang='grc'>(5)</span> <span class='ocrx_word' id='word_1_132' title='bbox 685 1772 801 1842; x_wconf 82' lang='lat' dir='ltr'>essent,</span> <span class='ocrx_word' id='word_1_133' title='bbox 826 1789 921 1851; x_wconf 87' lang='lat' dir='ltr'>quarn</span> <span class='ocrx_word' id='word_1_134' title='bbox 946 1768 979 1830; x_wconf 95' lang='lat' dir='ltr'>in</span> <span class='ocrx_word' id='word_1_135' title='bbox 996 1768 1131 1851; x_wconf 90' lang='lat' dir='ltr'>quisque</span> <span class='ocrx_word' id='word_1_136' title='bbox 1154 1767 1314 1832; x_wconf 88' lang='lat' dir='ltr'>decuriam</span> <span class='ocrx_word' id='word_1_137' title='bbox 1330 1789 1384 1830; x_wconf 86' lang='lat' dir='ltr'>eo·</span> 
     </span>
     <span class='ocr_line' id='line_1_15' title="bbox 201 1868 1002 1955; baseline 0.002 -20"><span class='ocrx_word' id='word_1_138' title='bbox 201 1893 271 1935; x_wconf 91' lang='lat' dir='ltr'>rum</span> <span class='ocrx_word' id='word_1_139' title='bbox 294 1892 332 1935; x_wconf 86' lang='lat' dir='ltr'>ex</span> <span class='ocrx_word' id='word_1_140' title='bbox 355 1870 415 1934; x_wconf 90' lang='lat' dir='ltr'>hac</span> <span class='ocrx_word' id='word_1_141' title='bbox 437 1871 509 1955; x_wconf 85' lang='lat' dir='ltr'>lege</span> <span class='ocrx_word' id='word_1_142' title='bbox 531 1871 579 1951; x_wconf 79' lang='lat'>(⁶)</span> <span class='ocrx_word' id='word_1_143' title='bbox 603 1893 716 1954; x_wconf 87' lang='lat' dir='ltr'>praeco</span> <span class='ocrx_word' id='word_1_144' title='bbox 740 1872 839 1935; x_wconf 87' lang='lat' dir='ltr'>lectus</span> <span class='ocrx_word' id='word_1_145' title='bbox 860 1868 931 1935; x_wconf 81' lang='lat' dir='ltr'>erit.</span> <span class='ocrx_word' id='word_1_146' title='bbox 956 1891 1002 1937; x_wconf 70' lang='grc' dir='ltr'>ω</span> 
     </span>
     <span class='ocr_line' id='line_1_16' title="bbox 287 1973 1383 2061; baseline 0.003 -23"><span class='ocrx_word' id='word_1_147' title='bbox 287 1974 336 2058; x_wconf 86' lang='lat'>(¹)</span> <span class='ocrx_word' id='word_1_148' title='bbox 359 1973 447 2057; x_wconf 75' lang='lat' dir='ltr'>Quos</span> <span class='ocrx_word' id='word_1_149' title='bbox 469 1996 629 2058; x_wconf 89' lang='lat' dir='ltr'>quomque</span> <span class='ocrx_word' id='word_1_150' title='bbox 652 1979 836 2058; x_wconf 73' lang='lat' dir='ltr'>quaestores</span> <span class='ocrx_word' id='word_1_151' title='bbox 861 1975 985 2061; x_wconf 82' lang='lat' dir='ltr'>exlege</span> <span class='ocrx_word' id='word_1_152' title='bbox 1009 1977 1152 2060; x_wconf 90' lang='lat' dir='ltr'>plebeive</span> <span class='ocrx_word' id='word_1_153' title='bbox 1175 1977 1255 2041; x_wconf 90' lang='lat' dir='ltr'>scito</span> <span class='ocrx_word' id='word_1_154' title='bbox 1279 1978 1383 2041; x_wconf 91' lang='lat' dir='ltr'>viato-</span> 
     </span>
     <span class='ocr_line' id='line_1_17' title="bbox 202 2079 1384 2166; baseline 0.003 -24"><span class='ocrx_word' id='word_1_155' title='bbox 202 2101 250 2143; x_wconf 91' lang='lat' dir='ltr'>res</span> <span class='ocrx_word' id='word_1_156' title='bbox 274 2079 323 2163; x_wconf 72' lang='grc'>(5)</span> <span class='ocrx_word' id='word_1_157' title='bbox 346 2079 452 2163; x_wconf 87' lang='lat' dir='ltr'>legere</span> <span class='ocrx_word' id='word_1_158' title='bbox 474 2079 641 2164; x_wconf 78' lang='lat' dir='ltr'>sublegere</span> <span class='ocrx_word' id='word_1_159' title='bbox 664 2079 833 2162; x_wconf 74' lang='lat' dir='ltr'>oportebit,</span> <span class='ocrx_word' id='word_1_160' title='bbox 859 2081 887 2143; x_wconf 91' lang='lat' dir='ltr'>ei</span> <span class='ocrx_word' id='word_1_161' title='bbox 911 2085 1095 2164; x_wconf 75' lang='lat' dir='ltr'>quaestores</span> <span class='ocrx_word' id='word_1_162' title='bbox 1119 2104 1156 2146; x_wconf 91' lang='lat' dir='ltr'>eo</span> <span class='ocrx_word' id='word_1_163' title='bbox 1171 2083 1241 2146; x_wconf 89' lang='lat' dir='ltr'>iure</span> <span class='ocrx_word' id='word_1_164' title='bbox 1259 2104 1299 2165; x_wconf 81' lang='lat' dir='ltr'>ea</span> <span class='ocrx_word' id='word_1_165' title='bbox 1314 2083 1384 2166; x_wconf 81' lang='lat' dir='ltr'>lege</span> 
     </span>
     <span class='ocr_line' id='line_1_18' title="bbox 201 2181 1385 2271; baseline 0.001 -23"><span class='ocrx_word' id='word_1_166' title='bbox 201 2182 250 2268; x_wconf 78' lang='grc'>(5)</span> <span class='ocrx_word' id='word_1_167' title='bbox 276 2185 416 2249; x_wconf 81' lang='lat' dir='ltr'>viatores</span> <span class='ocrx_word' id='word_1_168' title='bbox 438 2181 504 2248; x_wconf 87' lang='lat'><em>1111</em></span> <span class='ocrx_word' id='word_1_169' title='bbox 530 2184 662 2267; x_wconf 81' lang='lat' dir='ltr'>legunto</span> <span class='ocrx_word' id='word_1_170' title='bbox 686 2183 891 2268; x_wconf 81' lang='lat' dir='ltr'>sublegunto,</span> <span class='ocrx_word' id='word_1_171' title='bbox 915 2207 977 2269; x_wconf 91' lang='lat' dir='ltr'>quo</span> <span class='ocrx_word' id='word_1_172' title='bbox 1000 2186 1070 2250; x_wconf 90' lang='lat' dir='ltr'>iure</span> <span class='ocrx_word' id='word_1_173' title='bbox 1092 2208 1156 2270; x_wconf 89' lang='lat' dir='ltr'>qua</span> <span class='ocrx_word' id='word_1_174' title='bbox 1178 2188 1249 2271; x_wconf 82' lang='lat' dir='ltr'>lege</span> <span class='ocrx_word' id='word_1_175' title='bbox 1272 2187 1385 2270; x_wconf 89' lang='lat' dir='ltr'>q(nae·</span> 
     </span>
     <span class='ocr_line' id='line_1_19' title="bbox 204 2287 1384 2376; baseline -0.001 -23"><span class='ocrx_word' id='word_1_176' title='bbox 204 2293 316 2368; x_wconf 90' lang='lat' dir='ltr'>stores,</span> <span class='ocrx_word' id='word_1_177' title='bbox 343 2288 412 2373; x_wconf 92' lang='lat'>(¹⁰)</span> <span class='ocrx_word' id='word_1_178' title='bbox 436 2287 509 2372; x_wconf 88' lang='lat' dir='ltr'>quei</span> <span class='ocrx_word' id='word_1_179' title='bbox 533 2309 617 2352; x_wconf 91' lang='lat' dir='ltr'>nunc</span> <span class='ocrx_word' id='word_1_180' title='bbox 640 2292 725 2362; x_wconf 89' lang='lat' dir='ltr'>sunt,</span> <span class='ocrx_word' id='word_1_181' title='bbox 755 2289 892 2353; x_wconf 89' lang='lat' dir='ltr'>viatores</span> <span class='ocrx_word' id='word_1_182' title='bbox 916 2288 1384 2376; x_wconf 77' lang='lat' dir='ltr'>111legeruncsublegerunt;</span> 
     </span>
     <span class='ocr_line' id='line_1_20' title="bbox 201 2392 1385 2479; baseline 0.002 -21"><span class='ocrx_word' id='word_1_183' title='bbox 201 2416 344 2479; x_wconf 88' lang='lat' dir='ltr'>quosque</span> <span class='ocrx_word' id='word_1_184' title='bbox 378 2392 447 2478; x_wconf 90' lang='lat'>(¹¹)</span> <span class='ocrx_word' id='word_1_185' title='bbox 472 2415 632 2477; x_wconf 89' lang='lat' dir='ltr'>quomque</span> <span class='ocrx_word' id='word_1_186' title='bbox 655 2398 840 2477; x_wconf 84' lang='lat' dir='ltr'>quaestores</span> <span class='ocrx_word' id='word_1_187' title='bbox 871 2416 907 2456; x_wconf 83' lang='lat' dir='ltr'>er</span> <span class='ocrx_word' id='word_1_188' title='bbox 933 2394 1002 2479; x_wconf 81' lang='lat' dir='ltr'>lege</span> <span class='ocrx_word' id='word_1_189' title='bbox 1025 2395 1167 2479; x_wconf 74' lang='lat' dir='ltr'>plebeiae</span> <span class='ocrx_word' id='word_1_190' title='bbox 1189 2397 1269 2460; x_wconf 89' lang='lat' dir='ltr'>scito</span> <span class='ocrx_word' id='word_1_191' title='bbox 1293 2416 1385 2479; x_wconf 91' lang='lat' dir='ltr'>prae·</span> 
     </span>
     <span class='ocr_line' id='line_1_21' title="bbox 200 2495 1386 2583; baseline 0.001 -21"><span class='ocrx_word' id='word_1_192' title='bbox 200 2521 295 2563; x_wconf 86' lang='lat' dir='ltr'>eones</span> <span class='ocrx_word' id='word_1_193' title='bbox 317 2499 423 2583; x_wconf 82' lang='lat' dir='ltr'>legere</span> <span class='ocrx_word' id='word_1_194' title='bbox 446 2500 474 2578; x_wconf 91' lang='lat'>(¹</span> <span class='ocrx_word' id='word_1_195' title='bbox 487 2498 517 2580; x_wconf 79' lang='lat'>²)</span> <span class='ocrx_word' id='word_1_196' title='bbox 544 2495 712 2581; x_wconf 80' lang='lat' dir='ltr'>sublegere</span> <span class='ocrx_word' id='word_1_197' title='bbox 735 2496 906 2580; x_wconf 83' lang='lat' dir='ltr'>oportebit,</span> <span class='ocrx_word' id='word_1_198' title='bbox 938 2500 967 2562; x_wconf 89' lang='lat' dir='ltr'>ei</span> <span class='ocrx_word' id='word_1_199' title='bbox 991 2504 1175 2582; x_wconf 88' lang='lat' dir='ltr'>quaestores</span> <span class='ocrx_word' id='word_1_200' title='bbox 1198 2523 1235 2565; x_wconf 88' lang='lat' dir='ltr'>eo</span> <span class='ocrx_word' id='word_1_201' title='bbox 1257 2501 1327 2564; x_wconf 91' lang='lat' dir='ltr'>iure</span> <span class='ocrx_word' id='word_1_202' title='bbox 1349 2522 1386 2563; x_wconf 88' lang='lat' dir='ltr'>ea</span> 
     </span>
     <span class='ocr_line' id='line_1_22' title="bbox 200 2601 1386 2689; baseline 0.003 -23"><span class='ocrx_word' id='word_1_203' title='bbox 200 2602 271 2687; x_wconf 74' lang='lat' dir='ltr'>lege</span> <span class='ocrx_word' id='word_1_204' title='bbox 295 2624 464 2687; x_wconf 84' lang='lat' dir='ltr'>praecones</span> <span class='ocrx_word' id='word_1_205' title='bbox 489 2602 559 2687; x_wconf 81' lang='lat'>(¹¹¹)</span> <span class='ocrx_word' id='word_1_206' title='bbox 583 2601 648 2666; x_wconf 86' lang='lat'><em>1111</em></span> <span class='ocrx_word' id='word_1_207' title='bbox 671 2601 804 2687; x_wconf 83' lang='lat' dir='ltr'>legunto</span> <span class='ocrx_word' id='word_1_208' title='bbox 828 2601 1033 2685; x_wconf 80' lang='lat' dir='ltr'>subleguntn,</span> <span class='ocrx_word' id='word_1_209' title='bbox 1057 2626 1120 2688; x_wconf 91' lang='lat' dir='ltr'>quo</span> <span class='ocrx_word' id='word_1_210' title='bbox 1143 2605 1212 2668; x_wconf 89' lang='lat' dir='ltr'>iure</span> <span class='ocrx_word' id='word_1_211' title='bbox 1236 2627 1300 2688; x_wconf 90' lang='lat' dir='ltr'>qua</span> <span class='ocrx_word' id='word_1_212' title='bbox 1316 2605 1386 2689; x_wconf 79' lang='lat' dir='ltr'>lege</span> 
     </span>
     <span class='ocr_line' id='line_1_23' title="bbox 201 2707 1386 2794; baseline 0.001 -22"><span class='ocrx_word' id='word_1_213' title='bbox 201 2713 398 2791; x_wconf 85' lang='lat' dir='ltr'>quaestores,</span> <span class='ocrx_word' id='word_1_214' title='bbox 432 2708 504 2791; x_wconf 86' lang='lat' dir='ltr'>quei</span> <span class='ocrx_word' id='word_1_215' title='bbox 535 2710 605 2787; x_wconf 81' lang='lat'>(¹⁴)</span> <span class='ocrx_word' id='word_1_216' title='bbox 630 2727 716 2769; x_wconf 89' lang='lat' dir='ltr'>nunc</span> <span class='ocrx_word' id='word_1_217' title='bbox 738 2712 833 2783; x_wconf 84' lang='lat' dir='ltr'>sunt,</span> <span class='ocrx_word' id='word_1_218' title='bbox 866 2730 1035 2790; x_wconf 85' lang='lat' dir='ltr'>praecones</span> <span class='ocrx_word' id='word_1_219' title='bbox 1068 2707 1116 2772; x_wconf 91' lang='grc' dir='ltr'>ΙΙΙ</span> <span class='ocrx_word' id='word_1_220' title='bbox 1138 2709 1287 2794; x_wconf 81' lang='lat' dir='ltr'>legerunt</span> <span class='ocrx_word' id='word_1_221' title='bbox 1309 2710 1386 2774; x_wconf 89' lang='lat' dir='ltr'>sub·</span> 
     </span>
     <span class='ocr_line' id='line_1_24' title="bbox 202 2812 1386 2899; baseline 0.001 -22"><span class='ocrx_word' id='word_1_222' title='bbox 202 2814 359 2896; x_wconf 77' lang='lat' dir='ltr'>legerunt,</span> <span class='ocrx_word' id='word_1_223' title='bbox 383 2814 459 2877; x_wconf 89' lang='lat' dir='ltr'>dum</span> <span class='ocrx_word' id='word_1_224' title='bbox 483 2813 515 2876; x_wconf 90' lang='lat' dir='ltr'>ni</span> <span class='ocrx_word' id='word_1_225' title='bbox 540 2834 633 2897; x_wconf 87' lang='lat' dir='ltr'>quem</span> <span class='ocrx_word' id='word_1_226' title='bbox 651 2814 679 2893; x_wconf 90' lang='lat'>(¹</span> <span class='ocrx_word' id='word_1_227' title='bbox 691 2813 722 2892; x_wconf 87' lang='grc'>5)</span> <span class='ocrx_word' id='word_1_228' title='bbox 738 2812 772 2875; x_wconf 92' lang='lat' dir='ltr'>in</span> <span class='ocrx_word' id='word_1_229' title='bbox 790 2812 835 2876; x_wconf 91' lang='lat' dir='ltr'>eis</span> <span class='ocrx_word' id='word_1_230' title='bbox 854 2812 1029 2876; x_wconf 89' lang='lat' dir='ltr'>viatoribus</span> <span class='ocrx_word' id='word_1_231' title='bbox 1045 2814 1254 2895; x_wconf 84' lang='lat' dir='ltr'>praeconibus</span> <span class='ocrx_word' id='word_1_232' title='bbox 1271 2814 1386 2899; x_wconf 84' lang='lat' dir='ltr'>legun·</span> 
     </span>
     <span class='ocr_line' id='line_1_25' title="bbox 202 2915 1385 3005; baseline -0.002 -22"><span class='ocrx_word' id='word_1_233' title='bbox 202 2918 269 2983; x_wconf 89' lang='lat' dir='ltr'>deis</span> <span class='ocrx_word' id='word_1_234' title='bbox 292 2917 519 3005; x_wconf 83' lang='lat' dir='ltr'>sublegundeis</span> <span class='ocrx_word' id='word_1_235' title='bbox 541 2918 574 2981; x_wconf 93' lang='lat' dir='ltr'>in</span> <span class='ocrx_word' id='word_1_236' title='bbox 599 2916 667 2980; x_wconf 90' lang='lat' dir='ltr'>eius</span> <span class='ocrx_word' id='word_1_237' title='bbox 690 2916 717 3001; x_wconf 97' lang='lat'>(¹</span> <span class='ocrx_word' id='word_1_238' title='bbox 730 2915 760 2999; x_wconf 83' lang='lat'>⁶)</span> <span class='ocrx_word' id='word_1_239' title='bbox 780 2917 911 2981; x_wconf 87' lang='lat' dir='ltr'>viatoris</span> <span class='ocrx_word' id='word_1_240' title='bbox 928 2917 1092 3000; x_wconf 87' lang='lat' dir='ltr'>praeconis</span> <span class='ocrx_word' id='word_1_241' title='bbox 1109 2918 1214 2982; x_wconf 90' lang='lat' dir='ltr'>locum</span> <span class='ocrx_word' id='word_1_242' title='bbox 1233 2919 1385 2984; x_wconf 83' lang='lat' dir='ltr'>viatorem</span> 
     </span>
     <span class='ocr_line' id='line_1_26' title="bbox 202 3021 1385 3110; baseline 0 -23"><span class='ocrx_word' id='word_1_243' title='bbox 202 3045 388 3107; x_wconf 90' lang='lat' dir='ltr'>praeconem</span> <span class='ocrx_word' id='word_1_244' title='bbox 419 3023 529 3110; x_wconf 81' lang='lat' dir='ltr'>legant</span> <span class='ocrx_word' id='word_1_245' title='bbox 560 3022 630 3105; x_wconf 81' lang='lat'>(¹¹)</span> <span class='ocrx_word' id='word_1_246' title='bbox 654 3021 844 3103; x_wconf 76' lang='lat' dir='ltr'>sublegant,</span> <span class='ocrx_word' id='word_1_247' title='bbox 879 3021 993 3104; x_wconf 84' lang='lat' dir='ltr'>quinus</span> <span class='ocrx_word' id='word_1_248' title='bbox 1026 3022 1058 3084; x_wconf 88' lang='lat' dir='ltr'>in</span> <span class='ocrx_word' id='word_1_249' title='bbox 1084 3021 1187 3086; x_wconf 88' lang='lat' dir='ltr'>locum</span> <span class='ocrx_word' id='word_1_250' title='bbox 1221 3045 1276 3106; x_wconf 89' lang='lat' dir='ltr'>per</span> <span class='ocrx_word' id='word_1_251' title='bbox 1298 3023 1385 3107; x_wconf 79' lang='lat' dir='ltr'>leges</span> 
     </span>
     <span class='ocr_line' id='line_1_27' title="bbox 202 3124 1387 3212; baseline -0.002 -20"><span class='ocrx_word' id='word_1_252' title='bbox 202 3127 344 3212; x_wconf 89' lang='lat' dir='ltr'>plebeive</span> <span class='ocrx_word' id='word_1_253' title='bbox 375 3129 455 3194; x_wconf 85' lang='lat' dir='ltr'>scita</span> <span class='ocrx_word' id='word_1_254' title='bbox 486 3127 640 3190; x_wconf 88' lang='lat' dir='ltr'>viatorem</span> <span class='ocrx_word' id='word_1_255' title='bbox 663 3127 733 3205; x_wconf 82' lang='lat'>(¹⁸)</span> <span class='ocrx_word' id='word_1_256' title='bbox 758 3145 946 3207; x_wconf 90' lang='lat' dir='ltr'>praeconem</span> <span class='ocrx_word' id='word_1_257' title='bbox 969 3124 1050 3209; x_wconf 81' lang='lat' dir='ltr'>legei</span> <span class='ocrx_word' id='word_1_258' title='bbox 1074 3125 1200 3210; x_wconf 82' lang='lat' dir='ltr'>sublegi</span> <span class='ocrx_word' id='word_1_259' title='bbox 1224 3149 1288 3190; x_wconf 88' lang='lat' dir='ltr'>non</span> <span class='ocrx_word' id='word_1_260' title='bbox 1312 3127 1387 3190; x_wconf 81' lang='lat' dir='ltr'>lice·</span> 
     </span>
     <span class='ocr_line' id='line_1_28' title="bbox 203 3229 1387 3318; baseline -0.003 -20"><span class='ocrx_word' id='word_1_261' title='bbox 203 3234 267 3309; x_wconf 91' lang='lat' dir='ltr'>bit;</span> <span class='ocrx_word' id='word_1_262' title='bbox 291 3236 399 3318; x_wconf 87' lang='lat' dir='ltr'>itaque</span> <span class='ocrx_word' id='word_1_263' title='bbox 422 3234 460 3297; x_wconf 91' lang='lat' dir='ltr'>de</span> <span class='ocrx_word' id='word_1_264' title='bbox 483 3233 527 3297; x_wconf 90' lang='lat' dir='ltr'>eis</span> <span class='ocrx_word' id='word_1_265' title='bbox 550 3236 704 3315; x_wconf 88' lang='lat' dir='ltr'>quattuor</span> <span class='ocrx_word' id='word_1_266' title='bbox 726 3232 798 3312; x_wconf 75' lang='lat'>(¹⁹)</span> <span class='ocrx_word' id='word_1_267' title='bbox 826 3229 1002 3292; x_wconf 88' lang='lat' dir='ltr'>viatoribus</span> <span class='ocrx_word' id='word_1_268' title='bbox 1026 3236 1175 3313; x_wconf 87' lang='lat' dir='ltr'>quaestor</span> <span class='ocrx_word' id='word_1_269' title='bbox 1198 3232 1387 3314; x_wconf 90' lang='lat' dir='ltr'>queiquom·</span> 
     </span>
     <span class='ocr_line' id='line_1_29' title="bbox 204 3333 1386 3422; baseline -0.005 -18"><span class='ocrx_word' id='word_1_270' title='bbox 204 3362 265 3422; x_wconf 91' lang='lat' dir='ltr'>que</span> <span class='ocrx_word' id='word_1_271' title='bbox 287 3341 349 3403; x_wconf 90' lang='lat' dir='ltr'>erit</span> <span class='ocrx_word' id='word_1_272' title='bbox 372 3340 509 3401; x_wconf 87' lang='lat' dir='ltr'>viatores</span> <span class='ocrx_word' id='word_1_273' title='bbox 533 3337 651 3400; x_wconf 88' lang='lat' dir='ltr'>sumito</span> <span class='ocrx_word' id='word_1_274' title='bbox 676 3338 749 3415; x_wconf 75' lang='lat'>(²⁰)</span> <span class='ocrx_word' id='word_1_275' title='bbox 776 3334 904 3408; x_wconf 89' lang='lat' dir='ltr'>habeto,</span> <span class='ocrx_word' id='word_1_276' title='bbox 930 3333 996 3396; x_wconf 90' lang='lat' dir='ltr'>utei</span> <span class='ocrx_word' id='word_1_277' title='bbox 1019 3339 1094 3397; x_wconf 86' lang='lat' dir='ltr'>ante</span> <span class='ocrx_word' id='word_1_278' title='bbox 1116 3333 1199 3398; x_wconf 91' lang='lat' dir='ltr'>hanc</span> <span class='ocrx_word' id='word_1_279' title='bbox 1215 3334 1318 3419; x_wconf 86' lang='lat' dir='ltr'>legem</span> <span class='ocrx_word' id='word_1_280' title='bbox 1333 3357 1386 3398; x_wconf 84' lang='lat' dir='ltr'>ro·</span> 
     </span>
     <span class='ocr_line' id='line_1_30' title="bbox 203 3438 1386 3528; baseline -0.004 -21"><span class='ocrx_word' id='word_1_281' title='bbox 203 3447 313 3528; x_wconf 83' lang='lat' dir='ltr'>gatam</span> <span class='ocrx_word' id='word_1_282' title='bbox 336 3444 374 3506; x_wconf 91' lang='lat' dir='ltr'>de</span> <span class='ocrx_word' id='word_1_283' title='bbox 397 3440 502 3505; x_wconf 89' lang='lat' dir='ltr'>tribus</span> <span class='ocrx_word' id='word_1_284' title='bbox 525 3440 701 3504; x_wconf 88' lang='lat' dir='ltr'>viatoribus</span> <span class='ocrx_word' id='word_1_285' title='bbox 735 3445 805 3517; x_wconf 76' lang='lat'>(¹¹)</span> <span class='ocrx_word' id='word_1_286' title='bbox 832 3439 970 3502; x_wconf 83' lang='lat' dir='ltr'>viatores</span> <span class='ocrx_word' id='word_1_287' title='bbox 994 3438 1112 3502; x_wconf 89' lang='lat' dir='ltr'>habere</span> <span class='ocrx_word' id='word_1_288' title='bbox 1136 3461 1259 3503; x_wconf 87' lang='lat' dir='ltr'>sumere</span> <span class='ocrx_word' id='word_1_289' title='bbox 1282 3439 1386 3504; x_wconf 88' lang='lat' dir='ltr'>solitei</span> 
     </span>
     <span class='ocr_line' id='line_1_31' title="bbox 203 3543 1387 3631; baseline -0.005 -19"><span class='ocrx_word' id='word_1_290' title='bbox 203 3554 297 3623; x_wconf 87' lang='lat' dir='ltr'>sunt;</span> <span class='ocrx_word' id='word_1_291' title='bbox 326 3549 436 3631; x_wconf 88' lang='lat' dir='ltr'>itaque</span> <span class='ocrx_word' id='word_1_292' title='bbox 464 3547 503 3610; x_wconf 89' lang='lat' dir='ltr'>de</span> <span class='ocrx_word' id='word_1_293' title='bbox 535 3547 579 3610; x_wconf 92' lang='lat' dir='ltr'>eis</span> <span class='ocrx_word' id='word_1_294' title='bbox 608 3549 762 3628; x_wconf 87' lang='lat' dir='ltr'>quattuor</span> <span class='ocrx_word' id='word_1_295' title='bbox 792 3544 862 3625; x_wconf 77' lang='lat'>(¹¹)</span> <span class='ocrx_word' id='word_1_296' title='bbox 886 3543 1094 3626; x_wconf 87' lang='lat' dir='ltr'>praeconibus</span> <span class='ocrx_word' id='word_1_297' title='bbox 1124 3548 1274 3626; x_wconf 88' lang='lat' dir='ltr'>quaestor</span> <span class='ocrx_word' id='word_1_298' title='bbox 1297 3544 1387 3627; x_wconf 88' lang='lat' dir='ltr'>quei-</span> 
     </span>
     <span class='ocr_line' id='line_1_32' title="bbox 204 3647 1387 3738; baseline -0.004 -21"><span class='ocrx_word' id='word_1_299' title='bbox 204 3675 363 3738; x_wconf 88' lang='lat' dir='ltr'>quomque</span> <span class='ocrx_word' id='word_1_300' title='bbox 379 3652 441 3715; x_wconf 90' lang='lat' dir='ltr'>erit</span> <span class='ocrx_word' id='word_1_301' title='bbox 456 3671 624 3734; x_wconf 88' lang='lat' dir='ltr'>praecones</span> <span class='ocrx_word' id='word_1_302' title='bbox 642 3650 760 3714; x_wconf 91' lang='lat' dir='ltr'>sumito</span> <span class='ocrx_word' id='word_1_303' title='bbox 777 3649 848 3731; x_wconf 82' lang='lat'>(¹³)</span> <span class='ocrx_word' id='word_1_304' title='bbox 865 3648 993 3727; x_wconf 83' lang='lat' dir='ltr'>habete,</span> <span class='ocrx_word' id='word_1_305' title='bbox 1013 3648 1079 3712; x_wconf 92' lang='lat' dir='ltr'>utei</span> <span class='ocrx_word' id='word_1_306' title='bbox 1096 3654 1170 3712; x_wconf 88' lang='lat' dir='ltr'>ante</span> <span class='ocrx_word' id='word_1_307' title='bbox 1186 3649 1268 3713; x_wconf 91' lang='lat' dir='ltr'>hanc</span> <span class='ocrx_word' id='word_1_308' title='bbox 1283 3647 1387 3733; x_wconf 81' lang='lat' dir='ltr'>legem</span> 
     </span>
     <span class='ocr_line' id='line_1_33' title="bbox 205 3754 1389 3843; baseline -0.005 -21"><span class='ocrx_word' id='word_1_309' title='bbox 205 3763 350 3843; x_wconf 81' lang='lat' dir='ltr'>rogatam</span> <span class='ocrx_word' id='word_1_310' title='bbox 380 3757 419 3821; x_wconf 88' lang='lat' dir='ltr'>de</span> <span class='ocrx_word' id='word_1_311' title='bbox 450 3755 553 3820; x_wconf 90' lang='lat' dir='ltr'>tribus</span> <span class='ocrx_word' id='word_1_312' title='bbox 583 3755 792 3839; x_wconf 88' lang='lat' dir='ltr'>praeconibus</span> <span class='ocrx_word' id='word_1_313' title='bbox 822 3755 894 3829; x_wconf 79' lang='lat'>(²⁴)</span> <span class='ocrx_word' id='word_1_314' title='bbox 925 3775 1094 3837; x_wconf 87' lang='lat' dir='ltr'>praecones</span> <span class='ocrx_word' id='word_1_315' title='bbox 1125 3754 1243 3818; x_wconf 86' lang='lat' dir='ltr'>babere</span> <span class='ocrx_word' id='word_1_316' title='bbox 1265 3775 1389 3817; x_wconf 89' lang='lat' dir='ltr'>sumere</span> 
     </span>
     <span class='ocr_line' id='line_1_34' title="bbox 206 3857 1389 3944; baseline -0.004 -19"><span class='ocrx_word' id='word_1_317' title='bbox 206 3861 310 3927; x_wconf 89' lang='lat' dir='ltr'>solitei</span> <span class='ocrx_word' id='word_1_318' title='bbox 334 3866 420 3925; x_wconf 91' lang='lat' dir='ltr'>sunt.</span> <span class='ocrx_word' id='word_1_319' title='bbox 466 3860 609 3944; x_wconf 90' lang='lat' dir='ltr'>Itemque</span> <span class='ocrx_word' id='word_1_320' title='bbox 641 3860 687 3925; x_wconf 90' lang='lat' dir='ltr'>eis</span> <span class='ocrx_word' id='word_1_321' title='bbox 716 3858 893 3924; x_wconf 80' lang='lat' dir='ltr'>uiatoribus</span> <span class='ocrx_word' id='word_1_322' title='bbox 918 3858 988 3940; x_wconf 75' lang='lat'>(²⁵)</span> <span class='ocrx_word' id='word_1_323' title='bbox 1012 3857 1231 3942; x_wconf 83' lang='lat' dir='ltr'>praeconibus,</span> <span class='ocrx_word' id='word_1_324' title='bbox 1255 3859 1328 3942; x_wconf 89' lang='lat' dir='ltr'>quei</span> <span class='ocrx_word' id='word_1_325' title='bbox 1351 3880 1389 3921; x_wconf 82' lang='lat' dir='ltr'>ex</span> 
     </span>
     <span class='ocr_line' id='line_1_35' title="bbox 208 3961 1388 4051; baseline -0.004 -21"><span class='ocrx_word' id='word_1_326' title='bbox 208 3966 267 4030; x_wconf 89' lang='lat' dir='ltr'>hac</span> <span class='ocrx_word' id='word_1_327' title='bbox 290 3967 362 4051; x_wconf 84' lang='lat' dir='ltr'>lege</span> <span class='ocrx_word' id='word_1_328' title='bbox 388 3967 478 4031; x_wconf 87' lang='lat' dir='ltr'>lectei</span> <span class='ocrx_word' id='word_1_329' title='bbox 503 3968 606 4040; x_wconf 91' lang='lat' dir='ltr'>erunt,</span> <span class='ocrx_word' id='word_1_330' title='bbox 632 3965 785 4028; x_wconf 84' lang='lat' dir='ltr'>ricarium</span> <span class='ocrx_word' id='word_1_331' title='bbox 801 3965 877 4027; x_wconf 90' lang='lat' dir='ltr'>dare</span> <span class='ocrx_word' id='word_1_332' title='bbox 894 3963 963 4047; x_wconf 79' lang='lat'>(¹¹¹)</span> <span class='ocrx_word' id='word_1_333' title='bbox 980 3963 1114 4027; x_wconf 91' lang='lat' dir='ltr'>subdere</span> <span class='ocrx_word' id='word_1_334' title='bbox 1129 3964 1179 4025; x_wconf 89' lang='lat' dir='ltr'>ius</span> <span class='ocrx_word' id='word_1_335' title='bbox 1195 3967 1262 4026; x_wconf 89' lang='lat' dir='ltr'>esto</span> <span class='ocrx_word' id='word_1_336' title='bbox 1277 3961 1388 4026; x_wconf 87' lang='lat' dir='ltr'>liceto-</span> 
     </span>
     <span class='ocr_line' id='line_1_36' title="bbox 206 4067 1390 4157; baseline -0.007 -21"><span class='ocrx_word' id='word_1_337' title='bbox 206 4093 277 4157; x_wconf 88' lang='lat' dir='ltr'>que,</span> <span class='ocrx_word' id='word_1_338' title='bbox 311 4071 376 4136; x_wconf 89' lang='lat' dir='ltr'>utei</span> <span class='ocrx_word' id='word_1_339' title='bbox 399 4073 528 4137; x_wconf 88' lang='lat' dir='ltr'>cetereis</span> <span class='ocrx_word' id='word_1_340' title='bbox 553 4069 729 4134; x_wconf 87' lang='lat' dir='ltr'>viatoribus</span> <span class='ocrx_word' id='word_1_341' title='bbox 754 4069 979 4154; x_wconf 88' lang='lat' dir='ltr'>praeconibus,</span> <span class='ocrx_word' id='word_1_342' title='bbox 1014 4068 1084 4154; x_wconf 75' lang='lat'>(²¹)</span> <span class='ocrx_word' id='word_1_343' title='bbox 1109 4089 1173 4150; x_wconf 89' lang='lat' dir='ltr'>qua</span> <span class='ocrx_word' id='word_1_344' title='bbox 1198 4069 1230 4130; x_wconf 92' lang='lat' dir='ltr'>in</span> <span class='ocrx_word' id='word_1_345' title='bbox 1255 4067 1390 4150; x_wconf 89' lang='lat' dir='ltr'>quisque</span> 
     </span>
     <span class='ocr_line' id='line_1_37' title="bbox 205 4172 1389 4256; baseline -0.006 -14"><span class='ocrx_word' id='word_1_346' title='bbox 205 4177 333 4242; x_wconf 87' lang='lat' dir='ltr'>decuria</span> <span class='ocrx_word' id='word_1_347' title='bbox 361 4181 423 4250; x_wconf 88' lang='lat' dir='ltr'>est,</span> <span class='ocrx_word' id='word_1_348' title='bbox 455 4176 606 4240; x_wconf 84' lang='lat' dir='ltr'>vicarium</span> <span class='ocrx_word' id='word_1_349' title='bbox 638 4176 713 4240; x_wconf 84' lang='lat' dir='ltr'>dare</span> <span class='ocrx_word' id='word_1_350' title='bbox 745 4175 881 4239; x_wconf 88' lang='lat' dir='ltr'>subdere</span> <span class='ocrx_word' id='word_1_351' title='bbox 913 4176 984 4240; x_wconf 89' lang='lat' dir='ltr'>iuus</span> <span class='ocrx_word' id='word_1_352' title='bbox 1016 4174 1077 4239; x_wconf 90' lang='lat' dir='ltr'>erit</span> <span class='ocrx_word' id='word_1_353' title='bbox 1101 4173 1174 4256; x_wconf 74' lang='lat'>(²⁸)</span> <span class='ocrx_word' id='word_1_354' title='bbox 1198 4172 1389 4255; x_wconf 86' lang='lat' dir='ltr'>licebitqne;</span> 
     </span>
     <span class='ocr_line' id='line_1_38' title="bbox 205 4277 1390 4365; baseline -0.005 -20"><span class='ocrx_word' id='word_1_355' title='bbox 205 4283 345 4365; x_wconf 90' lang='lat' dir='ltr'>itemque</span> <span class='ocrx_word' id='word_1_356' title='bbox 368 4282 579 4365; x_wconf 76' lang='lat' dir='ltr'>quaesta-(es)</span> <span class='ocrx_word' id='word_1_357' title='bbox 603 4282 643 4345; x_wconf 93' lang='lat' dir='ltr'>ab</span> <span class='ocrx_word' id='word_1_358' title='bbox 668 4281 713 4344; x_wconf 91' lang='lat' dir='ltr'>eis</span> <span class='ocrx_word' id='word_1_359' title='bbox 737 4279 873 4342; x_wconf 88' lang='lat' dir='ltr'>vicarios</span> <span class='ocrx_word' id='word_1_360' title='bbox 897 4279 1086 4362; x_wconf 87' lang='lat' dir='ltr'>accipiunto,</span> <span class='ocrx_word' id='word_1_361' title='bbox 1112 4277 1184 4362; x_wconf 73' lang='lat'>(²⁹)</span> <span class='ocrx_word' id='word_1_362' title='bbox 1203 4277 1269 4340; x_wconf 91' lang='lat' dir='ltr'>utei</span> <span class='ocrx_word' id='word_1_363' title='bbox 1285 4299 1324 4339; x_wconf 87' lang='lat' dir='ltr'>aa</span> <span class='ocrx_word' id='word_1_364' title='bbox 1339 4297 1390 4339; x_wconf 91' lang='lat' dir='ltr'>ce·</span> 
     </span>
     <span class='ocr_line' id='line_1_39' title="bbox 206 4382 1391 4468; baseline -0.007 -17"><span class='ocrx_word' id='word_1_365' title='bbox 206 4387 301 4451; x_wconf 88' lang='lat' dir='ltr'>tersis</span> <span class='ocrx_word' id='word_1_366' title='bbox 326 4386 502 4450; x_wconf 87' lang='lat' dir='ltr'>viatoribus</span> <span class='ocrx_word' id='word_1_367' title='bbox 526 4387 733 4468; x_wconf 88' lang='lat' dir='ltr'>praeconibus</span> <span class='ocrx_word' id='word_1_368' title='bbox 758 4384 892 4447; x_wconf 88' lang='lat' dir='ltr'>vicarios</span> <span class='ocrx_word' id='word_1_369' title='bbox 917 4383 1033 4465; x_wconf 87' lang='lat' dir='ltr'>accipei</span> <span class='ocrx_word' id='word_1_370' title='bbox 1059 4386 1110 4466; x_wconf 73' lang='lat'>(³¹0</span> <span class='ocrx_word' id='word_1_371' title='bbox 1152 4382 1321 4466; x_wconf 88' lang='lat' dir='ltr'>oportebit.</span> <span class='ocrx_word' id='word_1_372' title='bbox 1345 4393 1391 4444; x_wconf 64' lang='grc' dir='ltr'>α’)</span> 
     </span>
    </p>
   </div>
   <div class='ocr_carea' id='block_1_3' title="bbox 0 0 1515 5040">
    <p class='ocr_par' dir='ltr' id='par_1_3' title="bbox 0 0 1515 5040">
     <span class='ocr_line' id='line_1_40' title="bbox 0 0 1515 5040; baseline 0 0"><span class='ocrx_word' id='word_1_373' title='bbox 0 0 1515 5040; x_wconf 95' lang='lat' dir='ltr'> </span> 
     </span>
    </p>
   </div>
  </div>
 </body>
</html>
