2992 5040
688 328 792 383 Festus.
1311 331 1333 395 9

151 505 425 570 familiares
460 530 497 570 ex
530 508 637 571 eadem
670 506 804 570 familia.
854 505 966 571 Postea
998 506 1058 571 hoc
1087 508 1213 571 nomine
1235 507 1332 571 etiam

152 610 267 674 famuli
291 611 445 694 appellari
469 618 641 696 coeperunt
662 617 730 677 cett.
780 613 816 676 P.
840 618 891 679 86.

151 714 177 782 F
192 740 210 778 a
225 740 254 779 in
269 740 290 779 n
306 717 338 778 li
371 717 463 799 origo
487 718 527 781 ab
551 715 640 782 Oscis
663 717 849 800 dependet',
874 718 956 801 apud
981 739 1060 800 quos
1083 737 1192 780 servus
1216 716 1332 780 ‘famel'

154 820 408 898 nominabatur²,
426 822 508 885 unde
524 826 557 885 et
573 820 695 885 familia
711 826 833 885 vocata.
851 859 893 868 -
910 820 1140 887 Famuletium⁸
1159 821 1332 898 dicebatur,

157 926 239 1008 quod
265 949 350 990 nunc
372 927 547 991 servitium.
597 928 634 992 P.
658 930 710 991 87.

154 1029 397 1108 Farreum,
420 1053 529 1113 genus
546 1032 602 1096 libi
626 1054 664 1096 ex
687 1032 773 1097 farre
797 1033 926 1098 factum.
975 1033 1012 1096 P.
1037 1034 1107 1097 88.⁴

157 1135 210 1199 Fa
226 1137 315 1200 stis
338 1138 448 1201 diebus
473 1135 625 1201 ἰιιοιιιιιίιιὁ
649 1138 710 1201 fari
735 1138 862 1215 licebat,
885 1138 1018 1202 nefastis
1041 1138 1194 1221 quaedam
1214 1159 1277 1200 non
1294 1138 1333 1200 li·

153 1241 246 1306 cebat
268 1241 339 1306 fari.
387 1243 425 1306 P.
449 1243 518 1306 93!

155 1345 179 1410 F
193 1371 239 1411 as
253 1352 399 1410 torum
423 1347 497 1411 libri
514 1348 728 1431 appellantur,
751 1349 783 1411 in
803 1349 918 1432 quibus
934 1350 1034 1413 totius
1050 1350 1124 1412 anni
1142 1349 1179 1412 lit
1195 1348 1333 1431 descrip-

155 1449 230 1516 tiot.
277 1450 366 1515 Pasti
389 1453 473 1515 enirn
497 1453 562 1515 dies
586 1452 659 1516 festi
684 1459 768 1517 sunt.
817 1455 854 1517 P.
879 1458 931 1518 87.

156 1557 295 1621 Fenus
319 1564 360 1621 et
383 1557 651 1620 feneratores
675 1562 707 1621 et
732 1558 781 1621 lex
798 1559 836 1622 de
852 1561 973 1623 credita
988 1560 1122 1643 pecunia
1146 1559 1334 1622 fenebris

156 1662 267 1726 stetu
292 1663 385 1735 dicta,
409 1662 493 1745 quod
518 1663 627 1726 crediti
653 1663 777 1726 nummi
800 1664 880 1727 alios
904 1666 1032 1747 pariant
1055 1670 1124 1728 cett.
1171 1663 1209 1727 P.
1232 1668 1284 1727 86.

156 1768 179 1831 F
188 1769 381 1832 eretrius
404 1766 549 1851 luppiter
572 1769 675 1832 dictus
698 1793 717 1831 a
733 1769 875 1845 ferendo,
899 1770 982 1853 quod
1006 1791 1115 1853 pacem
1139 1768 1224 1833 ferre
1241 1774 1333 1852 puta·

155 1878 259 1946 retur:
290 1894 328 1937 ex
350 1873 439 1936 cuius
464 1872 582 1956 templo
606 1873 774 1937 sumebant
798 1879 969 1957 sceptrum.
994 1897 1050 1957 per
1073 1875 1157 1958 quod
1181 1876 1334 1951 iurarent,

154 1985 187 2042 et
203 1979 340 2062 lapidem
356 1979 486 2056 silicem,
503 2002 566 2062 quo
583 1979 693 2043 foedus
711 1979 853 2043 ferirent.
888 1979 927 2042 P.
945 1984 998 2042 92.
1032 1980 1102 2059 (Cf.
1120 1978 1332 2062 Lapidem.)

156 2081 259 2147 Feri
276 2106 292 2145 a
306 2104 321 2145 s
345 2084 469 2166 antiqui
494 2082 607 2147 fesias⁸
631 2084 808 2153 vocabant:
833 2088 865 2148 et
889 2084 970 2148 aliae
985 2090 1077 2148 erant
1093 2086 1160 2148 sine
1176 2085 1226 2148 die
1242 2086 1333 2161 festo,

156 2194 192 2252 ut
214 2190 384 2265 nundinae,
410 2189 491 2252 aliae
514 2211 584 2252 cum
608 2189 700 2266 festo,
724 2195 760 2251 ut
783 2188 967 2254 Saturnalia
990 2196 1059 2254 cett.
1106 2189 1143 2253 P.
1169 2193 1220 2253 86.

157 2281 373 2358 Fetiales
397 2317 415 2356 a
438 2293 583 2358 ferendo⁰
609 2293 700 2357 dicti:
726 2294 808 2377 apud
833 2295 891 2359 hos
915 2295 998 2358 enim
1022 2293 1096 2357 belli
1113 2295 1262 2378 pacisque
1285 2295 1300 2358 f
1319 2330 1334 2343 -

155 2400 283 2464 ciendae
307 2400 356 2462 ius
380 2403 436 2462 est.
485 2400 523 2463 P.
549 2399 634 2463 91¹⁰

159 2504 422 2568 flaminius
454 2505 677 2568 camillus
707 2525 784 2588 puer
812 2504 977 2568 dicebatur
999 2503 1158 2587 ingenuus
1183 2504 1333 2588 patrimes

156 2613 188 2673 et
219 2609 399 2683 matrimes,
434 2609 490 2692 qui
523 2608 645 2672 flamini
678 2606 764 2671 Diali
796 2608 834 2672 ad
859 2607 1014 2672 sacrificia
1036 2608 1333 2691 praeministrabat:

157 2713 281 2797 antiqui
304 2715 386 2776 enirn
415 2714 578 2777 ministros
600 2713 742 2777 camillos
766 2713 915 2777 dicebant
937 2720 1006 2777 cett.
1056 2714 1091 2779 P.
1118 2719 1169 2778 93.

158 2816 388 2882 flammeo
420 2811 572 2882 amicitur¹
590 2819 712 2882 nubens
742 2819 888 2883 ominis¹¹
914 2817 1023 2881 boni¹⁹
1047 2840 1157 2895 causa,
1190 2821 1272 2904 quod
1298 2843 1334 2885 eo

159 2926 288 2989 adsidue
313 2924 463 2988 utebatur
487 2925 656 2999 flaminica,
681 2925 711 2986 id
736 2928 784 2987 est
804 2923 942 2986 llaminis
959 2945 1048 2999 uxor,
1072 2925 1121 2987 cui
1139 2946 1201 2987 non
1220 2925 1337 2988 licebat

159 3031 262 3095 facere
285 3030 467 3093 divortium.
516 3030 554 3093 P.
579 3033 632 3094 89.

225 3185 251 3254 1)
271 3184 403 3255 dependit
422 3186 493 3237 libri.
519 3215 553 3223 -
572 3184 598 3252 2)
619 3184 677 3237 Ler
696 3186 763 3238 Osco
783 3185 833 3237 tub.
855 3185 934 3236 flant
957 3191 1028 3247 (torn.
1051 3184 1067 3235 l
1081 3202 1110 3251 p.
1129 3188 1174 3241 52)
1196 3201 1216 3235 u.
1236 3189 1279 3238 22.
1306 3216 1331 3224 -

155 3274 182 3339 3)
195 3273 256 3342 [scr.
268 3271 452 3326 famulicium.
465 3270 515 3328 Tu.
528 3273 572 3342 lt]
586 3303 612 3311 —
633 3273 661 3338 4)
673 3273 745 3326 Ptin.
759 3273 947 3339 lr.u.18,3,10:
962 3271 991 3324 in
1001 3272 1085 3325 sacris
1097 3271 1167 3325 nibil
1176 3271 1334 3341 religiosius

156 3359 385 3414 confarreationis
404 3360 516 3415 vinculo
537 3363 606 3423 erat,
626 3377 768 3430 novaeque
787 3362 893 3428 nuptae
911 3358 1035 3412 farreum
1053 3358 1261 3428 praeferebant.
1291 3359 1333 3428 Cf.

156 3446 216 3500 Gai.
233 3452 313 3511 nm.
333 3477 362 3486 -
379 3450 408 3507 5)
420 3448 541 3501 iocunda
554 3449 624 3514 libri,
645 3448 765 3502 iuridica
778 3451 857 3517 Aup,
871 3449 913 3500 ius
927 3448 997 3501 διαὶ.
1018 3448 1118 3516 paulini
1130 3447 1190 3501 iure
1203 3447 1334 3502 dicunda.

155 3533 202 3588 Τιι.
224 3533 271 3602 lt]
299 3568 328 3576 -
360 3536 389 3601 6)
410 3534 450 3603 Cf.
479 3535 572 3602 Varro,
592 3538 607 3589 l.
628 3536 644 3588 l.
664 3539 777 3601 6,29.30.
807 3567 839 3574 -
869 3535 896 3605 7)
921 3536 1010 3606 {inimo
1027 3532 1178 3604 discriptio.
1216 3535 1264 3587 'l'a
1287 3535 1334 3605 u]

158 3621 244 3674 liuor.
267 3626 434 3687 ειιι.1,15,9.·
466 3622 566 3676 Priscis
586 3652 617 3660 —
637 3621 824 3690 temporibus,
854 3625 1006 3690 antequam
1032 3621 1099 3675 fasti
1129 3639 1146 3674 a
1169 3621 1216 3676 Cn.
1237 3621 1335 3677 Flavio

156 3709 245 3762 scriba
265 3707 364 3761 invitis
385 3709 516 3778 putribus
536 3709 564 3761 in
584 3709 708 3763 omnium
729 3709 862 3764 notitiam
882 3709 1075 3778 proderentur,
1094 3709 1220 3779 pontifici
1235 3709 1335 3766 minori

155 3795 222 3851 haec
241 3796 387 3865 provincia
410 3797 609 3865 delegabatur,
637 3801 669 3850 ut
689 3814 778 3853 novae
797 3797 882 3851 lunae
900 3798 1022 3866 primum
1043 3798 1204 3851 observaret
1223 3797 1336 3867 adspec-

154 3888 214 3937 tum
243 3885 386 3951 visamque
410 3885 469 3951 regi
494 3884 648 3938 sacrificulo
669 3886 824 3943 nuntiaret,
850 3885 955 3952 itaque,
980 3882 1115 3938 sacrificio
1133 3914 1166 3922 —
1185 3884 1334 3949 celebrato,

158 3973 230 4027 idem
249 3970 377 4041 pontifex
397 3972 501 4032 calata,
523 3970 551 4024 id
573 3976 615 4025 est
635 3975 742 4034 vocata,
761 3972 790 4025 in
803 3969 974 4040 Capitolium
987 3970 1078 4040 plebe,
1091 4000 1124 4009 -
1137 3975 1207 4039 quot
1220 3989 1336 4028 numero

161 4061 217 4116 dies
237 4078 254 4114 a
275 4059 404 4112 kalendis
424 4057 460 4112 ad
480 4075 567 4111 nonas
590 4062 781 4127 superessent,
806 4059 1019 4127 pronuntiabat.
1044 4088 1075 4097 —
1096 4056 1220 4112 Verbum
1240 4064 1335 4113 autem

158 4151 232 4201 καλῶ
252 4162 383 4215 graecum
403 4148 454 4209 est,
473 4144 501 4197 id
523 4147 566 4198 est
586 4162 660 4207 voco,
681 4149 710 4199 et
729 4145 804 4199 hunc
823 4145 905 4208 diem,
924 4146 971 4214 qui
991 4161 1023 4198 ex
1041 4144 1204 4206 hisdiebus,
1223 4146 1272 4214 qui
1290 4162 1336 4201 ca·

159 4235 295 4300 latentur,
314 4232 421 4303 primus
439 4236 519 4285 esset.
541 4232 647 4301 placuit
667 4232 802 4286 kalendas
818 4232 917 4287 vocari.
939 4262 971 4270 —
992 4229 1019 4298 8)
1040 4231 1127 4285 testas
1146 4232 1217 4297 libri,
1236 4233 1336 4288 emend.

156 4323 228 4376 diue.
259 4353 290 4362 -
318 4322 345 4389 9)
364 4323 403 4374 sic
421 4320 493 4373 libri.
512 4352 544 4359 —
570 4321 613 4387 10)
633 4321 741 4374 rom-ua
761 4339 782 4374 r.
801 4319 925 4374 Fetialis.
969 4319 1060 4384 Varro,
1079 4321 1094 4371 l.
1115 4320 1131 4370 l.
1150 4321 1218 4384 5,86.
1238 4350 1271 4357 -
1294 4320 1336 4389 ll)

156 4410 275 4466 hominis
296 4408 331 4461 M
342 4409 369 4460 Τ.
392 4438 420 4446 -
446 4408 489 4473 12)
509 4424 558 4459 orn.
582 4407 609 4460 T.
