2992 5040
494 327 689 397 (litigationes
708 324 913 382 alimentariae.

578 610 735 684 CAPUT
764 610 824 682 Vl.

108 793 435 878 satientatis
463 790 1113 998 ΑῑΙΜῶΙΝΕΤΑὸῗΙΙΛΙΙὶξΕὲΙΙΙΝΙΒΙΡΑῑὶὃ
1142 792 1290 873 bilbi-

206 1104 281 1168 119.
318 1103 374 1167 Ex
399 1100 510 1165 insti
540 1099 690 1163 alione
714 1099 991 1162 alimentaria
1014 1097 1203 1162 Traiani.

200 1240 261 1294 Iam
289 1240 407 1294 Neruam
433 1241 620 1307 imperatorem
644 1237 753 1306 puellas
772 1253 925 1306 puerosque
944 1239 1027 1292 natos
1045 1236 1210 1305 parentibus
1227 1254 1291 1307 ege·

107 1329 331 1397 etosielsumptu
349 1325 462 1396 publico
488 1343 539 1394 per
560 1324 661 1378 ltaliae
679 1323 784 1394 oppida
802 1323 839 1377 ali
865 1326 976 1379 iussisse
993 1326 1064 1379 Aur.
1090 1325 1154 1380 Viot.
1173 1342 1212 1394 ep.
1231 1328 1291 1392 12,4

107 1422 213 1471 namot.
257 1414 335 1484 Quod
352 1413 525 1468 ineolraoeral
544 1412 650 1476 Neron,
674 1413 785 1480 perfecit
812 1412 948 1467 Traianus
972 1419 1025 1466 tom
1043 1414 1131 1469 solida
1149 1415 1293 1482 stabilique

108 1506 231 1571 ratione,
259 1509 291 1556 ut
315 1518 399 1570 aeque
423 1501 460 1555 od
477 1499 681 1554 Diocletianum
694 1502 874 1568 permansm't
891 1502 948 1554 eius
965 1503 1107 1556 institutio.
1146 1500 1237 1554 Certos
1255 1501 1292 1555 ad

107 1593 181 1645 buno
202 1608 280 1645 usum
297 1590 430 1658 pecunias
453 1588 568 1657 sinpulis
586 1587 693 1656 oppidis
710 1587 854 1654 adtribuit,
878 1605 993 1656 quonum
1010 1604 1043 1641 ex
1059 1588 1147 1642 reditu
1165 1588 1292 1642 alimenta

103 1696 156 1748 per
178 1684 265 1732 certos
283 1680 457 1746 mopietratus
472 1683 686 1744 praestaremur.
723 1676 939 1729 Adtnbotionem
957 1682 1046 1729 autem
1064 1692 1147 1743 neque
1158 1677 1198 1728 ita
1212 1676 1290 1728 insti·

107 1768 168 1830 tuit,
187 1772 218 1819 ut
236 1773 329 1820 nostro
346 1781 419 1818 more
432 1767 483 1832 pia
500 1780 623 1832 corpora,
642 1779 709 1830 quae
722 1779 902 1830 personarum
920 1765 975 1817 vioe
988 1763 1175 1832 suaperentur,
1195 1764 1290 1817 consti

107 1859 199 1912 luera.
220 1869 304 1921 neque
321 1854 369 1912 ita,
387 1858 418 1905 ut
429 1852 559 1920 pecunias
577 1853 644 1919 ipses
660 1850 813 1905 ciuitatibus
830 1851 1059 1905 administrandas
1070 1851 1227 1919 concederet,
1246 1851 1292 1905 sed

106 1941 230 2010 priuatis
249 1939 409 2005 bominibus,
424 1938 529 2006 solidos
542 1939 748 2007 possidentibus,
765 1941 896 2006 pecunias
913 1941 1002 2003 fenori
1017 1940 1097 2007 dedit,
1116 1942 1164 2009 qui
1176 1942 1291 2011 praedia

107 2045 158 2082 rua
188 2036 246 2082 tam
267 2043 320 2095 pro
344 2033 415 2079 sorte
438 2043 516 2094 quarn
538 2043 590 2094 pro
613 2028 705 2080 usuris
723 2028 880 2095 imperatori
901 2028 942 2080 ael
959 2027 1120 2096 reipublicae
1137 2029 1291 2098 obliparent.

108 2116 218 2169 Errare
236 2115 357 2183 Som'pnp
376 2120 465 2177 (verm
485 2111 560 2165 Salar.
580 2116 651 2180 5,57)
670 2119 694 2166 et
713 2112 818 2166 Puebto
839 2113 918 2178 (Inst.
937 2116 1026 2179 §nol
1052 2117 1163 2182 privato
1179 2114 1291 2180 fiducia·

108 2221 168 2256 rum
193 2205 234 2257 uel
251 2203 458 2270 hypothecarum
475 2203 536 2254 r'ure
553 2219 612 2255 eom
630 2202 818 2270 oblipationem
832 2203 938 2269 saetam
950 2217 1007 2255 esse
1015 2207 1194 2269 putaverunt5
1211 2204 1291 2256 immo

109 2290 247 2359 eollipitur
272 2304 286 2341 e
308 2289 361 2356 lepe
384 2288 485 2342 Malao.
511 2305 532 2342 o.
551 2292 631 2342 oo.63
653 2290 711 2342 solo
728 2290 902 2356 praediorum
919 2289 1121 2357 subsipnatione
1138 2290 1168 2342 in
1185 2289 1292 2343 tabulas

104 2377 235 2445 publicas
253 2377 340 2429 relata
359 2393 414 2429 eom
433 2382 571 2443 peractam
590 2392 651 2442 esse,
671 2382 701 2429 ut
718 2393 775 2429 mos
793 2382 851 2429 erat
869 2378 898 2429 in
916 2375 1039 2429 munibus
1054 2377 1225 2444 privatorum
1243 2376 1292 2430 ad·

108 2480 201 2518 uersus
227 2479 283 2516 rem
303 2462 439 2531 publicam
465 2462 684 2532 oblipationibns.
721 2464 766 2516 Ila
784 2480 852 2531 opus
871 2479 925 2517 non
943 2469 1001 2518 erat
1019 2464 1098 2532 lonpo
1115 2465 1291 2533 mancipatio-

109 2568 170 2604 num
200 2556 225 2604 et
249 2551 508 2617 remancipationum
533 2551 662 2617 cirmilu,
692 2567 744 2618 qno
766 2552 875 2604 Plinius
897 2551 982 2605 simili
1002 2553 1032 2604 in
1049 2568 1172 2605 reusam
1191 2568 1220 2606 se
1237 2568 1292 2607 esse

109 2639 171 2692 dicit
199 2636 290 2705 (infra
314 2635 409 2704 Vae),
436 2637 465 2688 id
483 2637 555 2705 quod
569 2643 736 2706 putaverunt
754 2638 896 2700 Bacboten
923 2640 999 2705 (rom.
1020 2638 1289 2707 Pfandr.1,226let

110 2724 221 2778 Heneen
248 2724 313 2789 (tab.
333 2724 407 2777 alim.
431 2724 513 2778 Baeb.
532 2728 631 2790 2526).
663 2755 694 2765 -
719 2725 767 2778 Ea
790 2726 913 2780 omnibus
933 2743 983 2794 per
1005 2729 1157 2781 uniuersam
1180 2728 1292 2783 Italiam

110 2820 171 2867 tune
195 2813 354 2881 conscriptis
374 2812 549 2881 praediorum
573 2814 779 2882 oblipationibus
802 2814 856 2867 duo
874 2820 979 2868 tantum
998 2814 1035 2868 ael
1051 2831 1100 2868 noa
1114 2822 1292 2883 pervenerunt

108 2900 309 2967 professionum
327 2899 434 2967 indices,
453 2901 521 2955 alter
539 2900 701 2966 Veleiatium,
720 2902 789 2954 alter
805 2901 938 2970 Liparum
950 2902 1050 2956 Italiae
1061 2904 1207 2970 interioris,
1227 2920 1289 2971 qao·

109 3003 168 3041 mm
195 2989 264 3041 satis
288 2987 373 3041 habui
394 2990 508 3056 recipere
533 2989 629 3056 quibus
646 3005 750 3042 sunrma
767 2990 808 3041 rei
824 2989 1015 3043 illustraretur.
1052 2990 1145 3058 Neque
1163 2992 1233 3044 enim
1250 2994 1290 3060 ip-

112 3089 166 3127 aom
186 3074 376 3143 oblipotionem
393 3076 434 3128 oel
451 3076 677 3144 srebsipnationem
691 3075 866 3143 praediorum
884 3078 920 3130 iis
939 3079 1076 3143 contineri,
1095 3079 1142 3131 sed
1157 3081 1215 3131 eins
1230 3095 1290 3147 per·

111 3161 239 3224 fiaiendoe
258 3177 341 3215 eausa
357 3162 461 3229 foetum
480 3162 592 3215 indicem
611 3162 742 3230 quendam
760 3162 839 3215 oerba
855 3163 1008 3216 sollemnia:
1038 3165 1177 3232 professus
1195 3168 1238 3221 eet
1258 3196 1289 3205 -

113 3247 235 3318 impera
259 3248 343 3303 debet
362 3253 392 3303 el
410 3247 551 3311 obligare,
579 3249 725 3302 declarant.
745 3277 777 3286 -
801 3248 892 3302 Totius
909 3251 1087 3305 institutionis
1104 3252 1291 3308 alimentariae

112 3335 250 3390 littoream
262 3337 420 3403 conscripsit
432 3336 542 3389 Heneen
561 3338 607 3392 l.o.
622 3340 715 3401 7-57,
734 3337 779 3390 eui
797 3337 864 3389 adde
884 3337 939 3390 Mo.
959 3338 1031 3391 Berl.
1042 3339 1105 3392 Ber.
1125 3343 1192 3393 1861
1205 3358 1234 3408 p.
1245 3344 1289 3404 87,

114 3422 136 3472 0.
156 3422 180 3476 Ι.
200 3420 235 3475 L.
256 3425 336 3488 2,157
352 3440 379 3476 n.
398 3427 471 3484 1174,
492 3423 604 3477 Hermm
620 3427 767 3490 3‚101.124.

356 3602 383 3644 a.
401 3590 506 3644 Tabala
525 3590 642 3646 teletae.
677 3585 718 3668 (a.
747 3586 915 3649 103-112
939 3609 969 3670 p.
995 3585 1042 3669 C.)

180 3719 209 3773 0.
221 3718 246 3772 1.
257 3718 292 3773 L.
306 3723 401 3779 1L208
417 3738 444 3773 n.
463 3724 536 3773 1147.
576 3721 679 3775 Tabula
695 3738 843 3791 pernrapna
862 3724 898 3789 (a.
917 3727 975 3789 1,3o
994 3742 1036 3791 m,
1057 3725 1074 3779 l.
1093 3729 1111 3778 3
1128 3730 1176 3792 m.)
1193 3735 1291 3796 septem

112 3806 240 3860 colummis
258 3809 326 3872 (772
336 3807 464 3867 versibus)
478 3810 617 3876 iuscripta,
637 3809 734 3876 quibus
741 3812 918 3878 praescriptio
932 3811 1028 3865 litteris
1038 3814 1187 3867 maioribus
1199 3831 1289 3882 super·

112 3896 209 3963 sarapta
240 3900 294 3961 est,
324 3902 430 3963 reperta
454 3913 479 3949 o.
499 3901 566 3949 1747
584 3899 614 3949 in
632 3899 720 3951 ruinis
738 3897 839 3951 Veleioe
856 3899 992 3966 antiquae,
1011 3900 1090 3953 bodie
1108 3901 1225 3956 Parmae
1242 3902 1289 3956 ad·

112 3987 222 4035 mata.
260 3981 347 4035 Edita
365 3989 404 4036 est
422 4000 438 4034 a
458 3982 491 4035 F.
512 3984 547 4036 A.
573 3984 661 4051 Wolf,
685 3985 808 4053 Strftunp
830 3983 952 4045 Traiane,
972 3988 1059 4053 1808,
1090 3987 1121 4040 Ρ.
1141 3988 1172 4042 de
1191 3988 1288 4056 Lama,

113 4073 163 4122 tao.
182 4070 255 4123 alim.
272 4068 360 4136 l'ellej.
380 4073 462 4137 1810,
491 4071 664 4138 Desjordlns,
683 4074 715 4126 de
733 4074 833 4126 tabulis
852 4074 922 4125 alim.
944 4076 1020 4133 1804,
1040 4092 1151 4141 quocum
1172 4077 1206 4141 es.
1223 4079 1291 4130 eius-

112 4153 166 4207 dem
183 4156 318 4210 libellum:
342 4156 446 4211 Velleio.
484 4159 585 4213 Romae
603 4164 678 4212 1858.

197 4277 365 4366 obligatio
387 4282 588 4364 praediorum
612 4283 653 4345 ob
678 4281 732 4345 HS
756 4284 878 4346 deciens
902 4284 1117 4367 quadraginta
1138 4293 1289 4370 quattuor
1308 4312 1428 4368 pram„

115 4382 201 4448 milia
225 4382 421 4465 (1044000),
446 4393 482 4449 ut
506 4408 544 4450 ex
567 4386 769 4471 indulgentia
792 4389 904 4470 optimi
927 4389 1120 4473 maximique
1139 4392 1291 4475 principis

159 4482 256 4550 Brun,
276 4492 366 4539 Fontm
384 4495 450 4539 iuris.
487 4496 530 4540 Ed.
550 4496 592 4542 VI.
1044 4491 1077 4545 90
