2992 5040
222 311 262 373 14
762 306 866 361 Festus.

221 485 305 568 quod
328 484 485 548 communi
513 483 659 548 vehiculo
677 484 804 549 vehitur
830 485 879 549 vir
895 491 926 550 et
941 486 1047 550 uxor¹.
1080 485 1121 549 F.
1141 491 1211 551 151.
1247 486 1295 569 (P.
1312 488 1401 569 155.)

221 588 460 654 Maximam
484 589 619 654 multam
642 589 791 653 dixerunt
814 592 912 654 trium
935 591 1060 654 milium
1083 596 1115 655 et
1131 592 1247 676 viginti
1271 593 1399 659 assium.

219 697 296 780 quia
327 718 390 758 non
416 695 532 759 licebat
563 696 722 778 quondam
746 695 891 779 pluribus
922 696 1056 782 triginta
1080 694 1199 760 bobus²
1223 702 1255 760 et
1277 697 1401 761 duabus

220 801 333 864 ovibus
365 823 555 884 quemquam
585 800 734 875 multari,
767 801 1061 884 aestimabaturque
1092 801 1149 865 bos
1173 801 1400 879 centussibus³,

219 907 287 969 ovis
310 906 519 969 decuesibus⁴.
568 906 604 970 P.
631 899 702 969 114.

220 1010 464 1073 Maximum
497 1015 762 1092 praetorem
794 1010 854 1073 dici
880 1014 995 1093 putant
1019 1010 1062 1073 ali
1086 1033 1167 1087 eum,
1191 1010 1247 1095 qui
1272 1012 1401 1076 maximi

221 1115 335 1198 imperi
360 1115 412 1191 sit,
437 1114 490 1189 ali,
515 1114 587 1197 qui⁶
612 1115 726 1177 aetatis
749 1114 915 1178 maximae.
940 1152 982 1160 —
1006 1114 1046 1179 F.
1073 1122 1145 1180 161.
1210 1121 1215 1129 “

219 1220 253 1284 Μ
267 1245 286 1284 a
301 1221 341 1284 xi
356 1243 385 1284 m
400 1243 420 1282 u
434 1243 448 1282 s
472 1241 520 1284 ou
532 1242 547 1282 r
560 1220 609 1296 ia,
632 1219 721 1282 cuius
738 1221 928 1283 auctoritate
943 1220 1049 1283 curiae
1065 1242 1238 1303 omnesque
1255 1221 1400 1285 curiones

219 1330 383 1409 reguntur.
432 1324 469 1387 P.
496 1330 571 1389 126.

220 1431 446 1494 Maximus
477 1429 699 1512 pontifex
728 1429 853 1504 dicitur,
887 1429 971 1512 quod
996 1431 1154 1494 maximus
1177 1453 1294 1509 rerum,
1319 1453 1401 1515 quae

222 1536 260 1600 ad
285 1559 375 1601 sacra
399 1542 430 1599 et
454 1536 624 1620 religiones
648 1536 819 1618 pertinent,
847 1535 942 1599 iudex
966 1535 1009 1598 sit
1033 1534 1212 1618 vindexque
1234 1540 1400 1600 conturna·

222 1642 289 1705 ciue
312 1641 510 1724 privatorum
534 1641 854 1724 magistratuumque.
904 1640 939 1704 P.
965 1646 1038 1705 126.

220 1746 423 1810 Meddixl
446 1746 528 1828 apud
554 1744 650 1808 Oscos
674 1766 787 1808 nomen
812 1746 1021 1827 magistratus
1045 1749 1102 1808 est.
1150 1745 1187 1808 P.
1215 1750 1289 1809 123.

219 1849 253 1914 Μ
268 1873 285 1913 e
298 1874 313 1913 r
325 1873 341 1914 c
355 1851 400 1914 ed
416 1872 467 1913 on
481 1850 490 1911 i
504 1872 549 1913 os
577 1849 725 1912 dixerunt
748 1872 766 1912 a
790 1850 963 1913 mercedem
988 1849 1167 1914 solvend0⁷.
1214 1851 1253 1914 P.
1279 1855 1356 1914 124.

222 1956 277 2039 [M
286 1958 297 2018 i
310 1979 328 2019 rr
340 1978 356 2019 0
367 1978 414 2018 ru
441 1957 572 2036 deniqne
587 1952 722 2039 meliora
745 1955 886 2038 auspicia
909 1978 990 2038 quae
1008 1954 1182 2038 d[icual·ur,
1206 1955 1294 2019 docet
1311 1955 1400 2020 Mes·

220 2062 321 2134 sollu:
346 2061 433 2144 rrrrur]
450 2061 571 2124 maiora
587 2059 761 2137 consulum,
778 2058 984 2146 prluctorrnu,
1002 2080 1166 2122 crrrsorrmr
1184 2061 1251 2124 dic-i
1267 2063 1323 2136 aa,
1340 2061 1399 2143 re]-

221 2167 381 2250 liquorum
405 2167 538 2242 minora,
574 2187 644 2229 cum
669 2165 715 2228 illi
742 2163 905 2248 [nectarea.
935 2165 968 2227 la·-
991 2170 1093 2228 arrlem.
1117 2163 1275 2250 sinopes
1297 2165 1401 2249 magi·

219 2277 339 2337 strutus
363 2270 443 2357 dic[i
467 2269 709 2352 rorrsuecerirrtl.
758 2269 795 2335 κ’.
826 2274 895 2333 157.

220 2377 359 2441 Misce
375 2377 385 2439 l
400 2376 494 2439 lion
509 2399 551 2440 es
575 2376 787 2459 appellantur,
821 2376 876 2458 qui
901 2397 964 2438 non
989 2380 1094 2437 certae
1117 2381 1192 2439 sunt
1214 2378 1402 2451 sententiae,

218 2482 272 2545 sed
297 2481 456 2544 variorum
482 2481 715 2563 mixtorumque
739 2478 928 2543 iudiciorum
952 2478 1054 2544 sunt⁸.
1104 2480 1142 2543 Ρ.
1171 2484 1245 2545 123.

219 2585 252 2649 M
266 2587 387 2649 ortis
419 2607 497 2648 cau
509 2608 524 2648 s
538 2608 556 2647 a
588 2584 754 2666 stipulatio
778 2584 981 2647 existimatur
1005 2584 1084 2659 lieri,
1110 2589 1147 2648 ut
1170 2585 1217 2648 ait
1239 2585 1402 2649 Antistius

219 2691 343 2767 Labeo,
378 2714 458 2774 <puae
482 2691 527 2753 ita
550 2691 601 2765 tit,
633 2695 669 2754 ut
692 2695 794 2754 morte
818 2691 1018 2772 promissoris
1034 2689 1251 2769 confirmetur,
1276 2696 1342 2768 aut,
1366 2696 1402 2754 ut

219 2797 347 2880 quidam
372 2797 530 2872 dixerunt,
554 2795 643 2858 cuius
666 2793 883 2877 stipulationis
907 2815 991 2857 mors
1014 2795 1078 2858 fuit
1102 2817 1206 2859 causa.
1241 2795 1280 2862 F.
1307 2800 1379 2861 161.

220 2899 313 2963 Mos
337 2905 384 2964 est
409 2898 603 2986 [institutum
629 2899 810 2984 paltriuru⁹‚
836 2899 867 2961 id
892 2904 940 2962 est
963 2901 1117 2963 memoria
1143 2905 1287 2965 veterum
1304 2902 1402 2984 perti-

219 3028 296 3069 nens
314 3007 451 3069 niaxime
467 3006 505 3069 ad
517 3005 686 3089 religiones
702 3002 1015 3090 c[aerinr]ouiasque⁹
1034 3005 1251 3087 antiquorum.
1276 3004 1399 3071 11157.

219 3111 274 3190 (P.
301 3117 388 3190 1:36.)

218 3214 408 3279 Multam
441 3212 520 3279 Osce
551 3216 611 3279 dici
641 3221 757 3298 putant
790 3237 922 3297 poenam
955 3216 1102 3298 quidam
1139 3214 1182 3279 M.
1214 3213 1318 3278 Varro
1352 3216 1399 3279 ait

219 3342 354 3404 poenam
378 3342 454 3396 esse,
479 3322 530 3383 sed
555 3319 779 3402 pecuniariam.
829 3318 865 3381 F.
897 3324 966 3383 142.
1014 3320 1068 3397 (P.
1098 3324 1185 3401 143.)

219 3425 428 3501 Mundus,
462 3430 497 3487 ut
526 3425 571 3487 ait
605 3423 718 3506 Capito
743 3424 854 3487 Ateius
886 3424 918 3486 in
943 3424 963 3486 l.
992 3422 1037 3487 Vl
1074 3423 1262 3507 pontificali,
1295 3430 1345 3488 ter
1367 3425 1400 3487 iu

220 3552 303 3594 anno
334 3536 442 3613 patere
477 3528 566 3605 solet,
601 3550 746 3609 -quos
778 3528 844 3591 dies
868 3529 964 3591 etiam
988 3528 1155 3613 religiosos
1179 3529 1402 3592 iudicaverunt

219 3659 256 3700 ea
289 3636 326 3699 de
357 3657 451 3698 carisa
474 3635 557 3718 quod
581 3656 644 3717 quo
668 3639 809 3716 tempore
833 3654 886 3709 ea,
911 3655 992 3716 quae
1016 3633 1161 3696 occultae
1183 3639 1216 3696 et
1238 3633 1400 3698 abditae¹⁰

219 3740 382 3824 religionis
406 3741 535 3803 deorum
559 3739 702 3802 Manium
728 3743 842 3809 essent.
868 3739 965 3803 veluti
990 3739 1023 3803 in
1040 3740 1141 3803 lucem
1166 3739 1327 3822 quandam
1343 3739 1399 3803 ad-

219 3894 269 3931 nec
290 3878 343 3931 viri
358 3896 454 3931 earum
474 3878 601 3931 sedentes
618 3894 680 3930 cum
706 3876 835 3932 uxoribus
855 3877 884 3931 iu
898 3876 1025 3932 vehiculo
1043 3877 1208 3932 descendere
1226 3878 1403 3947 cogebantur

311 3985 332 4019 a.

221 3968 319 4122 pauzi)
339 4054 424 4124 [quod
511 4072 578 4108 uxor
597 4053 742 4107 delendum.
779 4050 829 4105 ΤΗ.
850 4051 897 4120 ll]
927 4082 959 4090 -—
989 4052 1016 4118 2)
1037 4051 1136 4117 bobus)
1155 4053 1188 4109 G.
1214 4050 1304 4105 bubus
1323 4052 1361 4105 M
1371 4053 1395 4104 Τ
1395 4096 1399 4105 .

220 4174 247 4183 -
272 4146 299 4210 3)
319 4142 444 4196 centibus
457 4142 494 4193 M.
516 4173 546 4180 -
568 4144 594 4199 ll
608 4141 752 4194 deensibus
766 4141 805 4195 ll.
825 4171 859 4178 -
878 4141 905 4208 5)
924 4140 990 4208 quia
1005 4140 1070 4205 cod,
1085 4156 1151 4191 corr.
1165 4140 1236 4207 Aug.
1260 4170 1284 4177 -
1309 4139 1336 4199 6)
1358 4138 1401 4206 (Y.

219 4239 276 4283 lum.
295 4231 310 4282 1
324 4250 350 4297 p.
365 4235 396 4281 51
416 4248 440 4281 rr.
455 4234 478 4281 l.
500 4261 530 4269 -ψ
552 4232 577 4295 7)
591 4228 744 4283 mercedem
758 4228 893 4296 [mercede
908 4229 941 4280 Il!
951 4228 982 4285 T)
1001 4227 1135 4283 solvendo
1150 4228 1220 4280 libri.
1241 4256 1276 4266 -
1294 4228 1321 4294 8)
1333 4230 1401 4279 sunt

219 4335 268 4372 om.
293 4319 325 4370 (ι’,
345 4347 378 4356 -
398 4318 425 4379 ill
443 4318 547 4371 irrrlusn
567 4320 643 4371 micis
661 4318 801 4385 qurrclrutr's
819 4317 896 4370 dubet
916 4316 1029 4370 Paulus.
1050 4346 1083 4353 —
1105 4316 1148 4381 10)
1172 4312 1273 4368 abdita
1291 4330 1325 4368 ea
1344 4315 1401 4367 cod.

219 4405 362 4458 recaredum
388 4405 445 4458 Urs.
467 4405 555 4469 (laodic
572 4406 637 4459 daec
655 4409 839 4469 obtinuerunt).
