2992 5040
408 908 433 975 Ι.
473 909 640 978 SEXTUS
665 907 883 975 POMPEIUS
905 909 1078 976 FESTUS.

222 1083 281 1141 tol.
309 1082 419 1138 Verrius
438 1083 557 1138 Flaccus
574 1100 641 1152 auos
659 1084 807 1150 imperante
828 1084 954 1151 Aapusto
973 1101 1006 1137 eu
1025 1083 1206 1138 Varroniaais
1220 1086 1333 1152 potissi·

153 1187 226 1222 mum
244 1173 392 1238 composuit
416 1172 499 1224 libros
524 1172 557 1225 de
574 1172 713 1224 verborum
737 1171 896 1239 sipuiticatu
915 1172 952 1226 ad
969 1172 1090 1225 ordinem
1108 1173 1259 1226 litterarum
1275 1174 1335 1238 (sed

151 1258 305 1324 primianum
316 1260 511 1324 tantummodo)
529 1260 654 1327 dipestos,
673 1274 717 1311 eos
731 1256 877 1324 Pompeius
891 1257 994 1312 Festus
1005 1260 1096 1323 (nobis
1106 1257 1136 1323 F)
1154 1261 1271 1313 secundo
1284 1266 1334 1314 ter-

153 1346 222 1398 tioue
240 1351 347 1399 nostrae
365 1362 443 1399 aerae
461 1347 567 1399 saeculo
585 1346 616 1398 in
634 1343 820 1411 compendium
838 1345 946 1411 redepit,
966 1345 1046 1398 cuius
1064 1347 1215 1413 compendii
1228 1353 1335 1415 partem

155 1435 269 1487 servant
287 1435 385 1488 unicus
404 1436 486 1488 carna
505 1436 568 1487 olim
585 1433 730 1502 Pomponii
744 1431 831 1495 Laeti,
850 1432 929 1485 hodie
944 1432 1143 1500 Neapolitanae
1155 1435 1333 1503 bibliothecae,

156 1522 274 1588 scriptus
293 1539 360 1575 socc.
381 1522 411 1574 X
428 1523 518 1586 (nobis
537 1521 604 1584 cod.,
624 1526 757 1590 quatenus
776 1519 854 1571 hodie
873 1525 1001 1585 superest,
1021 1518 1042 1571 [ι
1060 1521 1091 1573 iu
1100 1527 1180 1588 parte
1192 1522 1335 1577 adseruato

156 1610 218 1661 olim
236 1611 312 1677 apud
331 1609 446 1663 Laetum
463 1610 541 1663 hodie
559 1609 718 1677 deperdita).
756 1606 856 1671 Deficit
874 1606 933 1658 eius
952 1607 1016 1659 libri
1030 1624 1101 1674 pars
1114 1609 1196 1676 prior
1212 1614 1269 1663 toto
1281 1611 1335 1664 sive

156 1697 343 1763 quaterniones
367 1703 464 1764 septem
483 1698 570 1764 primi
597 1703 621 1749 ct
642 1712 712 1763 pars
736 1695 822 1747 octaoi
846 1695 883 1746 ad
906 1695 1021 1748 mediam
1039 1696 1155 1749 litteram
1172 1697 1221 1763 M,·
1242 1699 1335 1765 partis

153 1783 311 1847 posterioris
329 1786 536 1852 auatemionum
553 1801 645 1837 rtocem
663 1800 730 1850 auae
745 1787 890 1849 supersunt
900 1782 970 1846 t'olia
984 1789 1094 1849 preater
1111 1785 1228 1838 minores
1242 1785 1335 1839 hiatus

158 1871 280 1923 ambusta
304 1877 368 1923 sicat
392 1872 496 1938 ornain,
521 1878 550 1924 ut
569 1872 740 1939 siripuhrrum
757 1876 890 1922 rectorum
904 1871 1011 1937 pap-ino
1025 1872 1174 1938 posterior,
1198 1889 1335 1926 versorum

154 1958 257 2024 popina
270 1959 351 2024 prior
369 1964 417 2011 acet
435 1965 491 2012 toto
509 1965 557 2012 aut
576 1959 676 2011 mrriore
695 1974 728 2009 cu
743 1962 822 2023 parte
834 1957 952 2022 perierit.
984 1957 1126 2011 Praetereo
1137 1976 1170 2012 eu
1182 1961 1333 2028 quaternio·

157 2043 235 2097 nibus
254 2044 298 2097 his
310 2061 409 2103 noveru.
428 2046 476 2112 qui
494 2047 544 2098 etsi
562 2045 651 2097 mcclili
671 2045 862 2111 superfuerunt
880 2050 967 2098 tanuen
979 2047 1085 2098 succido
1099 2045 1165 2111 XV,
1185 2065 1245 2100 cum
1257 2048 1335 2100 hodie

157 2131 339 2185 desiderentur·
363 2138 417 2186 tres
442 2132 527 2185 VIII.
551 2132 585 2185 X.
608 2131 698 2197 XVI,
724 2147 815 2183 eorum
839 2132 909 2184 uices
924 2132 993 2198 lacit
1011 2134 1183 2201 aliquatenus
1201 2136 1335 2201 eceruplar

158 2219 319 2286 aucupiam
337 2220 399 2272 inde
416 2236 448 2273 ea
466 2226 551 2273 aetate
567 2236 668 2287 parum
687 2220 793 2272 curioso
810 2237 894 2288 neque
912 2227 1046 2274 seruatum
1064 2222 1162 2289 ipsum,
1187 2224 1267 2276 caius
1284 2240 1335 2277 nos

158 2306 330 2359 adliibuimus
349 2308 507 2374 apoprapba
525 2308 587 2372 trio,
608 2308 708 2360 scilicet
727 2307 811 2359 libros
835 2307 981 2360 Vaticanus
1001 2312 1070 2361 1549
1088 2311 1178 2373 (uobis
1199 2309 1240 2376 R),
1264 2314 1334 2363 2731

159 2395 244 2446 (nobis
264 2392 302 2461 S),
321 2397 391 2447 3363
409 2394 498 2458 (nobis
513 2393 558 2461 Q).
594 2394 641 2446 Aa
658 2394 859 2461 quaternionem
875 2394 1006 2447 decimum
1024 2401 1128 2449 scutum
1145 2399 1183 2464 (p.
1196 2400 1335 2451 sss—37⁶

158 2481 195 2533 cd.
216 2481 304 2545 ⁴ilice.)
327 2480 429 2533 accedit
447 2481 582 2548 encmphnr
597 2481 713 2533 valterum
731 2480 812 2547 idque
831 2481 906 2549 lonpe
924 2483 1026 2535 uta-iore
1044 2500 1112 2536 cura
1129 2489 1279 2550 acceptum,
1305 2490 1334 2537 ut

161 2569 195 2621 cei
212 2569 305 2621 hiatus
323 2568 464 2636 dilipentcr
485 2573 662 2634 repraesentet
687 2567 717 2619 in
735 2568 818 2620 altero
837 2569 983 2635 ecenrplari
997 2571 1154 2638 plerumque
1172 2571 1334 2637 obcaecatos,

159 2658 254 2724 ,tripoli
273 2656 406 2710 Politiaui
424 2657 458 2709 ab
477 2656 614 2709 Huelseno
632 2657 823 2724 inoestipatum
840 2656 871 2708 in
884 2656 941 2708 cod.
960 2655 1092 2710 Vaticano
1103 2662 1173 2711 3368
1189 2659 1280 2723 (uatus
1291 2657 1334 2727 Α),

158 2761 206 2811 quo
223 2747 328 2810 tactum
345 2750 391 2809 est,
412 2750 442 2796 ut
459 2760 549 2796 carere
562 2743 702 2809 possimus
721 2743 943 2796 adnotationibus
961 2744 1079 2797 ciusdun
1092 2744 1225 2799 Politiaui
1243 2746 1335 2798 adser-

160 2833 224 2885 uatis
242 2833 273 2885 iu
293 2832 450 2885 bibliotheca
469 2831 629 2885 Morurccusi
648 2832 831 2899 adhibitisque
850 2849 867 2884 a
885 2848 924 2885 me
943 2832 974 2884 in
987 2832 1174 2898 quaternionis
1191 2833 1250 2885 cius
1266 2848 1334 2885 roco

157 2919 273 2984 puitionc
292 2919 365 2972 edita
382 2920 414 2971 in
431 2919 500 2971 actis
512 2918 665 2971 academiae
678 2918 865 2972 Bcrolinensis
878 2920 1029 2971 maioribus
1042 2920 1109 2971 anni
1121 2922 1198 2972 torto.
1211 2950 1245 2957 —
1257 2918 1336 2972 Festi

157 3007 283 3072 epitomen
301 3008 439 3060 etiamtum
457 3008 588 3074 inteprarn
606 3007 693 3060 dcuuo
712 3006 876 3059 abbreviavit
895 3011 979 3059 actolc
1001 3004 1092 3058 Caroli
1110 3006 1210 3073 Mappii
1229 3006 1335 3060 Paulus

156 3095 241 3156 (nobis
256 3093 288 3159 P)
307 3094 439 3147 diaconus
459 3094 485 3145 is
502 3094 560 3160 ipse
577 3094 625 3161 qui
638 3095 749 3161 scripsit
762 3094 793 3147 dc
808 3095 886 3147 rebus
896 3094 980 3161 pestis
993 3093 1242 3161 Lonpobardorum,
1256 3094 1335 3146 cicius

156 3182 282 3245 eputomae
300 3181 372 3233 inter
388 3181 473 3232 multo
497 3197 565 3247 auae
583 3187 728 3246 supersunt
747 3181 912 3247 exemplaria
932 3180 1107 3233 adhibuimus
1125 3181 1180 3232 tria
1197 3181 1336 3247 primurm

160 3265 397 3335 ffiulfcrbptanum
414 3268 504 3328 (nabis
516 3264 551 3333 G)
569 3283 637 3320 saec.
653 3267 690 3333 X,
714 3268 839 3321 Trecense
857 3268 947 3332 (nobis
961 3267 993 3336 T)
1013 3285 1081 3321 saec.
1096 3267 1152 3331 XI,
1174 3268 1336 3321 Monacense

156 3354 243 3415 (rubis
265 3353 300 3419 M)
320 3353 422 3407 saeculi
440 3352 575 3406 XItXII.
604 3353 722 3407 Factum
739 3360 827 3407 autem
845 3361 884 3407 cst
896 3355 1033 3423 sinpulari
1045 3355 1169 3419 beneficia
1185 3353 1336 3408 Christiani

157 3440 294 3507 Huelseni,
320 3439 398 3492 utin
415 3440 466 3493 hoo
484 3441 598 3494 editione
617 3457 686 3508 quae
704 3459 737 3493 cc
757 3441 840 3495 Festo
860 3441 979 3495 Pauloue
1000 3442 1214 3509 deprompsimus
1232 3443 1336 3511 dipesta

155 3529 191 3581 ad
208 3528 331 3581 ordinem
349 3528 544 3595 alphabeticum
561 3529 639 3581 hodie
658 3530 801 3593 usitatum,
830 3530 921 3583 omnia
935 3535 1128 3597 proponantur
1145 3531 1281 3599 recopuita
1299 3530 1336 3584 ad

154 3615 318 3682 maniplaria
335 3631 422 3682 snpra
439 3615 523 3668 citata
541 3615 575 3667 ab
593 3632 622 3668 eo
641 3621 689 3668 aul
701 3615 789 3669 deum
802 3621 849 3668 aul
858 3616 980 3683 pmmum
994 3616 1136 3685 dilipeuter
1147 3616 1251 3670 collata.
1281 3615 1335 3670 Pa·

152 3703 232 3771 pinae
251 3719 319 3770 quae
334 3701 434 3767 Hosti)
455 3703 491 3754 oei
510 3702 617 3767 P(auli)
634 3719 729 3756 norun
748 3709 906 3771 sequuntur,
926 3705 972 3769 uel,
994 3703 1042 3756 ubi
1061 3702 1140 3756 Festi
1157 3720 1225 3771 qnae
1243 3720 1335 3770 super·

154 3797 217 3842 sunt
234 3808 268 3844 eu
285 3791 396 3859 epitome
408 3789 493 3843 Pauli
510 3792 677 3858 supplentur,
691 3792 833 3858 utriusque
845 3792 991 3857 coniuncti,
1007 3790 1135 3843 editionis
1150 3797 1214 3843 sunt
1226 3796 1336 3844 curatae

147 3895 179 3931 a.
198 3881 267 3931 1839
285 3878 319 3933 ab
341 3876 474 3943 Odofredo
494 3875 609 3930 Mueller
626 3878 716 3939 (nobis
734 3875 828 3944 Mna).

344 4036 372 4100 E
395 4037 526 4100 libris
550 4037 596 4099 dc
619 4037 847 4100 vorborum
870 4035 1154 4119 significatu.

155 4174 310 4242 Abacbi
335 4176 559 4261 magistratus
584 4177 781 4254 dicebantur,
806 4176 860 4260 qui
878 4176 978 4239 coacti
997 4176 1208 4258 deposuerant
1232 4177 1332 4258 impe·

162 4282 251 4347 rium.
298 4282 336 4347 P.
360 4288 413 4347 23.

160 4390 533 4492 ””“1”)“[ἶιτ“.’ωαςίειηιιι.
561 4421 610 4475 'ru
635 4420 679 4490 u]

192 4525 292 4580 sauss,
316 4525 404 4572 Fontes
422 4525 489 4571 turin.
517 4525 586 4595 'Puri
607 4523 641 4569 11.
679 4524 722 4569 Ed.
743 4523 786 4569 VI.
