2992 5040
226 313 268 377 96
677 306 733 362 Lex
751 305 826 361 Iulia
844 306 969 374 agraria.

225 484 307 548 iores
331 484 455 549 Pisidas
485 484 562 562 fuit,
595 483 721 548 eaedem
753 483 838 569 leges
862 483 1026 566 eidemque
1048 482 1118 545 iaus
1144 482 1215 566 (²¹)
1239 482 1412 566 eadamque

225 590 420 654 consuetudo
442 589 527 653 inter
549 589 651 653 ceives
669 586 831 653 Romanos
854 592 887 652 et
911 588 983 669 (33)
1004 585 1190 651 Termenses
1206 587 1341 651 maiores
1357 585 1411 650 Pi-

227 693 311 757 sidas
334 699 418 768 esto;
442 693 590 778 quodque
613 692 792 777 quibusque
815 694 884 774 (33)
909 692 942 756 in
967 692 1062 755 rebus
1085 690 1179 755 loceis
1202 691 1306 776 agreia
1323 691 1411 756 acdi-

226 797 324 862 ficieis
348 797 489 880 oppideis
512 797 612 862 iouris
636 797 706 880 (²⁴)
731 796 950 861 Termensium
974 797 1131 860 maiorum
1149 795 1330 860 Pisidarum
1353 797 1411 860 ieis

227 902 411 967 consulibus
434 904 504 984 (33)
529 902 602 986 quei
626 922 724 985 supra
747 902 876 986 scriptei
900 908 985 978 sunt,
1008 900 1082 976 fuit,
1103 901 1188 985 quod
1206 901 1412 984 eiuspraeter

209 1008 210 1012 ’
227 1008 257 1084 (3
267 1007 297 1088 3)
316 1007 453 1088 [beaw]
471 1007 539 1071 loca
553 1028 648 1092 agros
663 1005 806 1070 aedificia
821 1006 900 1090 ipsei
912 1028 970 1069 sua
984 1003 1147 1069 voluntate
1160 1005 1201 1068 ab
1213 1026 1248 1069 se
1259 1026 1322 1069 uon
1340 1008 1369 1086 (3
1379 1009 1411 1086 3)

227 1113 461 1188 abalienarunt,
483 1113 567 1177 idem
590 1113 624 1175 in
647 1112 764 1176 eisdem
788 1110 882 1174 rebus
905 1109 1001 1174 loccis
1024 1110 1129 1194 agreis
1153 1109 1223 1192 (33)
1240 1109 1412 1175 aedificieis

227 1218 371 1301 oppideis
401 1217 621 1282 'Parmensium
651 1217 810 1280 maiorum
842 1213 1023 1279 Pisidarum
1053 1214 1124 1298 (33)
1148 1214 1219 1278 iaus
1241 1220 1327 1292 esto;
1361 1213 1410 1280 ct2

228 1343 291 1406 quo
313 1321 419 1385 minus
442 1343 479 1385 ea
501 1342 583 1405 quae
606 1320 638 1384 in
663 1319 724 1383 hoc
745 1320 850 1402 capite
867 1319 986 1402 scripta
1002 1320 1070 1400 (33)
1088 1324 1163 1383 sunt
1178 1319 1305 1383 ita'sint
1320 1319 1411 1397 fiant,

227 1426 295 1491 eius
318 1426 378 1490 hac
401 1426 470 1511 lege
493 1424 630 1490 nibilum
655 1428 798 1509 rogatur.
823 1442 869 1487 Ν

317 1535 348 1612 (3
359 1530 387 1616 ¹)
411 1531 514 1606 Quam
536 1530 639 1615 legem
656 1528 826 1614 portorieis
841 1529 1045 1593 terrestribus
1062 1529 1323 1614 maritumeisque
1341 1531 1370 1615 (³
1382 1534 1411 1612 ²)

228 1635 413 1701 Termenses
444 1636 581 1700 maiores
612 1634 761 1698 Phisidae
791 1633 975 1717 capiundeis
1007 1633 1093 1696 intra
1121 1654 1195 1697 suos
1226 1635 1296 1717 (33)
1321 1636 1412 1700 fineis

228 1741 411 1820 dcixseriut‚
445 1762 483 1805 ea
507 1739 558 1805 lex
582 1740 639 1804 icis
663 1739 832 1823 portorieis
854 1738 1037 1822 capiundeis
1068 1739 1138 1818 (³⁴)
1161 1743 1238 1814 esto,
1262 1740 1338 1804 dum
1361 1744 1411 1806 nei

229 1845 305 1928 quid
330 1845 452 1928 portori
476 1844 516 1907 ab
540 1843 599 1907 ieis
622 1843 780 1926 capiatur,
803 1841 877 1925 quei
900 1841 1028 1926 publica
1053 1835 1124 1923 (33)
1148 1844 1257 1927 populi
1274 1844 1411 1910 Romani

228 1949 398 2033 vectigalia
420 1948 585 2031 redempta
609 1944 681 2024 (33)
704 1944 887 2020 habebunt;
911 1967 992 2029 quos
1015 1950 1086 2028 (33)
1109 1969 1165 2029 per
1188 1970 1296 2013 eorum
1320 1951 1411 2015 fineis

228 2054 408 2140 publicanei
431 2077 468 2118 ex
492 2075 529 2119 eo
552 2051 701 2133 vectigali
724 2050 990 2134 transportabant
1014 2049 1134 2137 [eornm
1149 2053 1319 2134 fructuum
1332 2077 1408 2136 por-

228 2161 345 2224 torium
372 2159 552 2224 Ternrenses
574 2180 613 2219 ne
636 2153 807 2241 caprianlol.

231 2337 280 2399 15.
315 2333 398 2398 Lex
429 2332 619 2397 Mamilia
653 2329 811 2394 Roscia
846 2328 1057 2395 Peducaea
1081 2331 1252 2396 Alliena
1277 2333 1411 2399 Fabia

514 2434 576 2523 [vel
599 2435 706 2520 potius
729 2432 813 2498 Iulia
836 2431 976 2520 agraria]
1001 2457 1029 2498 a.
1055 2436 1127 2502 695.

302 2573 367 2628 Tm'a
395 2575 475 2628 luins
498 2574 561 2642 lepis
585 2574 677 2641 capita
701 2574 732 2625 in
756 2572 908 2625 collectione
930 2573 1091 2640 conplosum
1108 2578 1316 2642 qromals'cornm
1334 2579 1411 2632 notis

228 2668 334 2716 servata
351 2668 430 2717 sant:
450 2661 527 2715 Rom.
543 2659 715 2726 Feldmesser,
738 2659 777 2712 ed.
791 2658 951 2713 Lachmann
969 2663 1053 2722 1,263.
1090 2661 1196 2717 Eorum
1212 2665 1357 2719 secundnm
1376 2668 1413 2720 ad

228 2750 336 2803 cabum
353 2749 415 2818 sere
439 2750 509 2803 redit
530 2751 560 2802 in
578 2764 599 2802 c.
618 2751 669 2801 104
697 2747 761 2816 lepra
779 2746 826 2802 cal.
846 2746 989 2800 Genetivae
1007 2747 1108 2815 lutrae,
1137 2752 1244 2804 urcium
1262 2753 1292 2805 in
1310 2753 1347 2806 D.
1367 2759 1410 2821 47,

228 2841 289 2904 21,3
307 2837 436 2891 landatur
449 2837 605 2904 praemunt
621 2835 722 2890 verbm:
742 2835 804 2904 lege
827 2835 943 2904 agraria
964 2852 1050 2905 quam
1071 2837 1099 2893 (l.
1122 2836 1224 2893 Caesar
1246 2840 1322 2895 tulit.
1351 2842 1411 2896 Iam

228 2941 302 2986 aero,
330 2941 390 2979 curn
414 2925 494 2978 etiam
519 2925 549 2977 in
567 2924 621 2994 lepe
646 2924 694 2979 col.
714 2923 781 2978 Gen.
800 2940 821 2977 c.
840 2927 876 2978 97
901 2925 965 2993 lepra
983 2924 1073 2979 lullae
1092 2927 1138 2991 (ac.
1158 2928 1294 2995 apramm)
1313 2933 1412 2984 mentio

229 3011 284 3078 fiat,
303 3017 372 3066 recle
383 3011 441 3065 Μο.
460 3013 565 3078 matam,
585 3013 674 3080 capita
694 3012 758 3065 haec
774 3011 908 3080 malicum
920 3028 953 3065 ee
965 3013 1019 3081 lepe
1030 3012 1106 3066 Inlia
1117 3016 1227 3082 acrama
1245 3032 1270 3068 a.
1281 3018 1330 3069 695
1345 3017 1410 3084 lala,

228 3116 390 3169 quemqnam
407 3115 459 3167 qno
476 3106 592 3168 spectent
605 3100 723 3167 quinque
735 3100 847 3152 nomina
860 3100 888 3150 in
902 3115 1012 3167 corpore
1021 3101 1231 3168 cromaticos-am
1241 3105 1409 3172 praescripto

225 3204 326 3257 parum
342 3193 461 3255 apparel.
491 3185 569 3240 Runa.
584 3186 685 3239 Feldm.
705 3189 795 3250 2221.
826 3185 939 3253 Ephmn.
952 3188 1033 3256 epipr.
1046 3191 1139 3253 2,210,·
1157 3187 1191 3254 cf.
1206 3187 1293 3241 ΖΕΘ.
1307 3193 1411 3255 12,10().

319 3311 359 3375 K.
383 3310 417 3373 L.
435 3307 511 3373 111⁸.
557 3309 645 3385 Quae
667 3309 792 3373 colonia
815 3307 875 3373 hac
897 3309 969 3394 lege
987 3310 1121 3374 deducta
1137 3313 1260 3394 quodve
1276 3315 1411 3378 munici-

230 3418 317 3501 pium
343 3415 543 3498 praefectura
559 3414 665 3478 forum
682 3412 926 3479 conciliabulum
943 3418 1153 3480 constitutum
1170 3422 1241 3494 erit,
1262 3418 1317 3502 qui
1334 3441 1412 3502 ager

230 3520 317 3584 intra
339 3518 419 3582 fines
441 3538 549 3581 eorum
575 3517 646 3594 erit,
670 3517 725 3600 qui
740 3516 869 3581 termini
891 3516 925 3580 in
941 3538 978 3581 eo
994 3539 1073 3603 agro
1088 3521 1204 3584 statuti
1219 3527 1321 3599 erunt,
1347 3545 1410 3606 qno

231 3625 263 3687 in
286 3624 355 3687 loco
378 3623 533 3686 terminus
556 3621 756 3702 mactabit,
791 3622 1045 3701 incolomis,
1077 3626 1165 3690 cuius
1189 3626 1216 3689 is
1239 3648 1316 3712 ager
1339 3630 1410 3706 erit,

231 3731 401 3794 terminum
426 3729 655 3800 restituendum
678 3733 799 3806 catatu,
823 3729 871 3792 uti
894 3728 995 3813 quod⁴
1021 3735 1104 3794 recte
1126 3729 1245 3794 factum
1271 3752 1338 3796 esse
1355 3755 1411 3796 vo-

231 3834 306 3913 let⁶3
330 3835 426 3917 idque
449 3834 666 3916 magistratus,
692 3833 748 3917 qui
770 3834 803 3896 in
827 3857 864 3898 ea
879 3834 1004 3898 colonia
1020 3837 1192 3919 municipio
1209 3836 1411 3919 praefectura

209 3939 302 4033 ¹foro
325 3937 536 4002 conciliabulo
559 3938 628 4001 inre
651 3938 787 4001 dicundo
812 3940 957 4020 praeerit,
982 3940 1080 4004 facito
1104 3945 1140 4003 nt
1161 3940 1226 4004 fiat.

303 4111 328 4178 1)
348 4127 397 4164 orn.
409 4127 466 4172 acm
486 4110 655 4176 v.ad1,2s.
675 4139 707 4150 —
727 4110 754 4175 2)
772 4112 801 4162 et
814 4109 934 4178 sortasse
952 4109 1099 4164 delendum.
1119 4141 1152 4151 -
1172 4113 1201 4179 3)
1221 4113 1412 4182 [santificatur

229 4203 279 4250 ant
297 4197 410 4267 klapnt)
430 4196 491 4251 Llll
511 4204 560 4251 ant
578 4195 787 4266 k(apitu)l(um)
807 4196 862 4264 1113
880 4204 949 4251 certe
966 4199 996 4251 in
1013 4200 1074 4265 ipsa
1094 4200 1148 4268 lepe
1166 4203 1271 4253 vannum
1288 4201 1341 4253 ecl-l
1349 4202 1412 4269 free-

229 4291 303 4348 rmnt,
321 4285 421 4353 tapitn
439 4285 586 4354 kapitnlr'ae
604 4285 760 4338 vocabalum
780 4284 942 4338 addiderant
957 4286 1142 4353 compilatores
1154 4288 1272 4355 carpene
1282 4290 1411 4354 prancati-

230 4388 329 4427 coram.
366 4372 414 4428 Tu.
435 4371 481 4440 Μ.)
503 4402 536 4410 -
554 4372 583 4440 4)
602 4375 634 4425 ut
652 4388 724 4441 quaa
742 4372 782 4425 vel
801 4388 853 4440 que
872 4373 933 4440 (mn.
954 4375 996 4438 ut)
1014 4373 1084 4426 tiore
1103 4404 1138 4412 -
1158 4377 1186 4441 5)
1206 4371 1277 4428 uelit
1296 4374 1366 4427 libri.
