2992 5040
608 289 715 347 Nonius
735 289 893 348 Marcellus.

467 552 524 617 IV.
564 550 732 618 NONlUS
756 553 1027 620 MARCELLUS.

193 723 221 786 E
245 720 380 786 libris
404 720 446 783 de
469 719 770 802 compendiosa
794 719 997 784 doctrina
1019 742 1091 804 per
1114 721 1307 785 litteras.

227 879 335 932 Nouius
350 879 553 946 grammaticus,
575 875 743 928 eruburaico
760 876 789 927 iu
800 875 932 929 lr'umr'dio
944 882 1028 943 ortus,
1047 878 1153 931 sacculo
1166 878 1220 930 111
1229 884 1342 931 exeram

157 969 198 1021 vel
214 967 321 1020 ineunte
339 965 356 1018 l
363 964 387 1017 V
414 964 567 1032 compilavit
591 962 814 1032 compendiosam
840 961 999 1017 doctrinam
1024 980 1074 1033 per
1098 963 1224 1024 litteras,
1249 966 1341 1017 utilem

152 1061 266 1126 propter
283 1054 382 1108 multos
399 1061 515 1108 ceruum
532 1053 692 1121 scutatorum
716 1052 787 1104 locos
807 1067 857 1119 per
874 1067 932 1104 eum
950 1056 1076 1105 emotus.
1113 1051 1266 1105 ll'oocass'me
1288 1051 1341 1105 edi·

157 1143 253 1197 derunt
273 1140 388 1195 Gerlach
412 1146 437 1194 et
456 1139 529 1193 notu
551 1156 577 1192 a.
596 1142 678 1205 1842,
706 1138 993 1208 Quiclrerutu.1871‚
1020 1138 1054 1193 L.
1074 1139 1188 1193 Mueller
1211 1143 1343 1207 a.1888,·

156 1231 219 1284 r'llos
237 1230 266 1282 iu
280 1229 417 1296 plerusque
434 1233 539 1280 secunus
552 1243 620 1293 eum,
636 1228 747 1295 paginis
758 1226 902 1279 adnotatis.

160 1354 358 1429 Accensi,
382 1352 436 1435 qui
461 1351 511 1414 his
536 1350 772 1435 (decurionibus
795 1355 828 1415 et
851 1351 1105 1436 centurionibus)
1130 1353 1339 1417 accenseban-

159 1463 223 1536 tur,
253 1457 286 1521 id
310 1461 358 1521 est
381 1454 659 1520 adtribuebantur.
705 1455 810 1520 Varro
834 1455 873 1520 de
896 1456 962 1521 vita
984 1457 1094 1541 populi
1118 1456 1256 1522 Romani
1280 1478 1340 1519 -:

160 1563 227 1648 ‘qui
251 1563 289 1626 de
312 1563 523 1646 adscriptivis
548 1583 617 1625 cum
643 1564 734 1625 eraut
757 1561 907 1626 attributi
928 1561 1150 1626 decurionibus
1174 1567 1207 1626 et
1229 1568 1342 1627 centu·

159 1668 314 1745 tionibus,
338 1668 393 1750 qui
410 1690 518 1730 eorum
534 1665 669 1730 hubent¹
687 1689 864 1744 numerum,
880 1667 1001 1732 accensi
1019 1668 1234 1732 vocabantur'.
1267 1673 1341 1733 356.

159 1809 200 1819 -
219 1771 352 1836 Accensi
370 1792 471 1855 genus
488 1771 622 1834 militiae
638 1776 686 1834 est
702 1770 1000 1835 administrantibus
1015 1771 1207 1855 proximum.
1236 1770 1342 1836 Varro

159 1877 390 1941 rhetoricorum
404 1874 446 1958 (P)
471 1875 553 1939 libro
576 1873 653 1939 XX:
683 1880 738 1952 ‘nt,
762 1874 906 1939 consules
923 1898 958 1940 ac
974 1881 1134 1959 praetores
1158 1878 1213 1961 qui
1229 1898 1340 1940 secun·

158 1988 211 2047 tur
235 1983 269 2045 in
290 1987 405 2057 castra,
430 1981 551 2044 accensi
578 1981 664 2060 dicti,
689 1983 773 2065 quod
797 1981 836 2045 ad
853 1982 1045 2046 necessarias
1068 2002 1118 2045 res
1141 1982 1269 2066 saepius
1289 2003 1341 2044 ac·

158 2088 294 2166 cientur,
318 2085 407 2151 velut
430 2087 594 2150 accersiti'.
632 2108 711 2169 quos
735 2108 819 2150 nunc
842 2087 975 2150 dicimus
999 2086 1153 2169 deputati.
1200 2090 1252 2149 41.

159 2193 324 2256 Arcera
347 2191 527 2275 plaustrum
550 2195 598 2254 est
613 2191 779 2270 rusticum,
797 2196 917 2255 tectmn
935 2191 1075 2275 undique
1093 2191 1184 2274 quasi
1201 2212 1285 2254 arca.
1300 2227 1338 2235 -·

160 2297 227 2360 Hoc
251 2303 358 2362 autem
383 2295 521 2361 vehiculi
548 2318 665 2380 genere
680 2318 770 2360 senes
786 2301 818 2361 et
834 2299 956 2381 aegroti
975 2296 1092 2360 vectari
1108 2295 1221 2361 solent.
1247 2293 1318 2361 38.²

158 2402 354 2467 Calvitur
377 2402 497 2466 dictum
521 2406 570 2466 est
585 2400 772 2477 frustratur,
789 2406 928 2466 tractum
945 2424 963 2465 a
979 2401 1077 2466 calvis
1094 2401 1238 2478 mimicis,
1256 2401 1340 2485 quod

159 2508 225 2571 sint
249 2507 398 2571 omnibus
422 2506 603 2571 frustratui.
629 2543 669 2554 -
693 2505 833 2570 Lucilius
856 2529 916 2570 -ε
942 2507 979 2570 ‘si
1002 2528 1065 2569 non
1090 2505 1125 2582 it,
1149 2506 1266 2589 capito,
1290 2506 1340 2569 in·

159 2613 239 2696 quit,
264 2634 349 2686 eum;
374 2615 406 2675 et
429 2611 454 2674 si
479 2611 627 2688 calvitur,
651 2631 727 2696 ergo
751 2609 801 2675 fer
824 2610 1026 2675 dominum'.⁸
1070 2618 1101 2675 4.

158 2718 350 2795 Coicere,
383 2738 488 2801 agere.
526 2716 680 2780 Afranius
707 2738 768 2780 -ε
803 2738 931 2782 cerream
961 2717 1080 2782 coicere
1113 2715 1207 2780 hodie
1237 2717 1277 2780 ad
1309 2720 1341 2780 te

157 2820 239 2886 volo.
284 2821 412 2887 Ambon
437 2822 578 2886 adestis?
603 2821 788 2905 profuturos
813 2821 973 2886 arbitror'.
1021 2820 1112 2886 183⁴.

158 2925 374 2992 Fetiales
399 2963 439 2973 —
466 2924 569 2990 Varro
603 2927 642 2990 de
666 2926 732 2989 vita
755 2949 786 3009 p.
811 2925 850 2988 R.
874 2926 929 2990 lib.
953 2924 1003 2990 11:
1037 2925 1161 3011 ‘ltaque
1194 2927 1279 2991 bella
1310 2930 1341 2991 et

158 3031 249 3095 tarde
280 3035 312 3094 et
336 3053 456 3117 magna
479 3030 672 3115 diligentia⁶
700 3030 931 3113 suscipiebant,
964 3032 1048 3115 quod
1072 3031 1191 3095 bellum
1216 3030 1340 3095 nullum

157 3135 219 3199 nisi
241 3136 330 3218 pium
354 3135 512 3218 putabant
530 3136 600 3220 geri
616 3139 779 3219 oportere;
804 3136 1010 3220 priusquum⁶
1028 3136 1204 3201 indicerent
1219 3136 1338 3200 bellum

156 3242 193 3319 is,
219 3263 237 3304 a
260 3240 376 3324 quibus
400 3241 535 3305 iniurias
558 3240 662 3306 factas
685 3241 846 3319 sciebant,
880 3241 1006 3305 fetiales
1029 3241 1153 3326 legatos
1176 3264 1227 3306 res
1250 3264 1340 3326 repe·

158 3346 254 3410 titum
277 3345 452 3410 mittebant
475 3351 640 3430 quattuor,
664 3368 744 3430 quos
760 3351 902 3411 oratores
920 3347 1097 3412 vocabant'
1131 3345 1220 3411 Idem
1235 3346 1256 3410 l.
1275 3346 1340 3412 Ill:

157 3450 202 3515 ‘Si
224 3452 314 3516 cuius
338 3452 437 3538 legati
460 3450 572 3515 violati
595 3455 711 3528 essent,
736 3451 792 3535 qui
808 3451 857 3514 id⁷
874 3450 1036 3529 fecissent,
1054 3451 1200 3536 quamvis
1217 3452 1340 3516 nobiles

157 3561 278 3635 essent,
311 3557 360 3620 uti
382 3557 573 3621 dederentur
606 3556 741 3633 civitati,
765 3561 966 3635 statuerunt,
999 3557 1187 3641 fetialesque
1211 3556 1339 3641 viginti,

157 3660 213 3743 qui
236 3661 274 3724 de
297 3661 348 3725 his
372 3663 466 3727 rebus
489 3667 718 3747 cognoscerent
741 3662 919 3726 iudicarent
942 3666 1130 3739 statuerent,
1163 3662 1338 3726 constitue·

156 3763 268 3828 runt'⁸.
311 3767 405 3829 362.ν

157 3867 351 3953 Iurgium
376 3871 476 3935 levior
499 3894 549 3935 res
572 3877 629 3950 est,
653 3872 812 3955 siqnidem
838 3873 922 3936 inter
947 3871 1110 3935 benivolos
1135 3875 1190 3935 aut
1205 3871 1339 3955 propin·

231 4011 256 4076 1)
274 4009 420 4078 augebant
439 4009 473 4062 L.
487 4009 610 4066 Mueller.
629 4041 663 4049 -
681 4012 710 4079 2)
726 4010 768 4080 Of.
782 4017 843 4066 tom.
857 4012 876 4064 1
887 4029 916 4080 p.
926 4016 960 4064 18
978 4011 1091 4077 tub.1,3.
1110 4042 1145 4050 —
1162 4010 1191 4079 3)
1210 4026 1279 4079 ergo
1298 4009 1341 4063 fer

159 4093 314 4165 dominum]
334 4097 374 4150 sic
392 4098 463 4164 libri,
484 4096 556 4152 endo
569 4098 641 4152 ferto
653 4115 770 4152 manum
782 4099 839 4152 edd.
860 4128 893 4139 —
911 4100 938 4167 4)
960 4099 1001 4166 Of.
1021 4106 1082 4153 tom.
1098 4099 1117 4151 1
1131 4116 1158 4166 p.
1169 4102 1202 4150 18
1220 4099 1274 4152 tud.
1288 4099 1340 4160 I‚7.

160 4212 185 4219 —
210 4185 237 4251 5)
255 4187 294 4238 sic
313 4185 445 4251 Niebuhr,
465 4185 580 4239 licentia
599 4186 670 4239 libri.
690 4217 723 4225 -
743 4188 771 4254 6)
789 4204 875 4255 quam
894 4204 944 4241 om.
963 4186 1192 4255 Guelferbyuurus
1210 4187 1284 4240 liber.
1307 4217 1339 4226 -

157 4271 185 4335 7)
205 4269 272 4338 quid
292 4272 363 4325 libri.
389 4302 417 4310 -
449 4271 477 4340 8)
497 4272 656 4327 iudicarent
674 4276 705 4328 et
723 4276 882 4328 statuerent
900 4278 928 4327 et
947 4275 1151 4329 constituerent
1169 4274 1241 4329 libri.
1260 4304 1294 4312 -
1312 4274 1340 4342 9)

158 4355 201 4423 Cf.
220 4358 318 4413 Festus
336 4377 359 4415 o.
380 4365 475 4415 Orare.
