2992 5040
612 324 682 382 SCO.
700 327 735 383 de
753 327 895 384 aediliciis.
1276 338 1336 403 191

160 500 193 564 ad
217 505 365 566 senatum
389 504 460 584 (Η)
485 500 669 569 referretur.
706 502 851 589 Cumque
866 527 966 589 aeque
982 528 1046 570 non
1064 512 1237 592 oporteret¹
1255 514 1339 577 malo

160 606 318 690 ersemplo
341 607 476 671 vendere
499 628 596 690 quarn
622 607 693 690 (¹⁵)
717 630 826 688 emere,
854 608 908 674 ut²
932 612 1113 678 venditores
1136 637 1263 701 quoqne
1286 640 1338 682 co·

160 715 354 789 crearentur,
385 713 440 797 qui
471 712 607 776 seientes
640 711 714 778 dolo
737 716 823 778 malo
859 716 886 796 (¹
899 719 929 798 8)
952 716 1079 781 contra³
1102 717 1185 785 hanc
1208 727 1339 787 senatus

161 814 354 880 voluntatem
378 816 605 895 vendidissent,
638 817 778 901 placere:
801 819 882 883 tales
906 821 979 904 (¹¹)
1003 823 1200 890 venditiones
1224 827 1339 893 inritas

160 918 232 983 ficri.
278 920 426 985 Ceterum
448 921 561 986 testari
583 927 740 1000 senatum,
764 923 917 1008 dom‘ini[s
940 922 1051 1011 veneid*
1076 929 1147 1008 (¹⁸)
1172 930 1336 1010 constitui,

87 1055 91 1062 ·
162 1024 212 1107 qui
236 1048 341 1090 rerurn
364 1049 495 1090 suarum
518 1048 714 1110 possessores
728 1027 831 1093 futuri
848 1029 973 1113 aliquas
989 1026 1124 1117 [panes]
1143 1032 1170 1115 (¹
1182 1037 1213 1119 9)
1229 1058 1337 1102 earum

162 1131 362 1209 mutaverint,
386 1131 462 1195 duur
486 1153 548 1196 non
573 1133 803 1216 negotiationis
826 1155 922 1198 causa
944 1134 976 1198 id
999 1134 1120 1200 factum
1146 1138 1242 1223 [sitq.

245 1240 314 1318 (¹⁰)
338 1235 504 1301 Gensuere.
552 1235 590 1300 In
613 1243 725 1302 senatu
750 1239 882 1303 fuerunt
904 1237 1127 1305 cccnxxlll.

243 1337 285 1403 ll.
310 1341 380 1424 (Ἠ)
405 1337 470 1426 (ρ.)
496 1339 639 1418 Volusi0,
664 1340 699 1405 Ρ.
725 1341 872 1407 Cornelio
895 1364 957 1406 cos.
982 1340 1028 1407 Vl
1051 1366 1124 1410 non.
1151 1347 1245 1414 Mart.
1269 1348 1325 1416 SC.

246 1449 316 1528 (¹¹)
342 1447 433 1522 Quod
465 1447 502 1522 Q.
534 1446 705 1526 Volusius,
739 1446 774 1511 P.
803 1448 968 1512 Cornelius
1000 1449 1099 1513 verba
1129 1450 1273 1518 fecerunt
1301 1457 1340 1520 de

164 1551 373 1630 postulatione
397 1552 672 1635 necessarlum-ru]
699 1556 768 1635 (⁴¹¹)
793 1553 984 1617 Alliatoriae
1007 1552 1187 1636 Gelsilfflae,
1212 1582 1241 1642 q.
1264 1561 1294 1624 d.
1311 1582 1337 1623 e.
1415 1587 1418 1593 ·

164 1675 184 1716 r.
206 1653 228 1717 f.
245 1678 287 1738 p.‚

244 1760 274 1823 d.
299 1783 325 1824 e.
350 1784 374 1826 r.
400 1762 419 1824 i.
444 1783 489 1825 c.:

244 1865 317 1947 (¹¹)
341 1863 419 1930 Cum
436 1864 504 1943 Sc,
530 1867 614 1950 quod
637 1866 757 1930 factum
784 1871 833 1930 est
849 1866 984 1932 Hosidio
1000 1866 1081 1932 Geta
1096 1872 1129 1933 et
1143 1868 1176 1932 L.
1191 1867 1339 1956 Vagellio

162 1988 219 2031 cos,
244 1968 428 2034 clarissimis
450 1971 538 2046 viris,
563 1975 638 2034 ante
662 1971 754 2051 dliem
780 1969 852 2056 X.¹]
879 1971 910 2036 k.
935 1970 1089 2057 (¹¹)Oct.
1113 1978 1243 2039 anctore
1266 1976 1339 2040 divo

159 2071 297 2149 Claudia,
322 2079 450 2139 cautum
473 2080 565 2152 esset,
601 2073 657 2138 ne⁷
681 2076 753 2158 quis
776 2075 905 2140 domum
925 2076 1073 2141 villamve
1098 2078 1251 2155 dirueret,
1276 2104 1338 2165 quo

157 2180 243 2261 plus⁸
277 2182 349 2266 (Μ)
380 2183 442 2247 sibi
465 2183 667 2266 adquireret,
701 2205 779 2247 neve
810 2184 881 2267 quis
904 2182 1088 2264 negotiandi
1112 2205 1207 2249 causa
1230 2209 1337 2250 eorum

159 2288 232 2369 quid
256 2290 376 2351 emeret
398 2288 597 2365 venderetve,
624 2290 694 2369 (¹¹)
719 2288 911 2373 poenaq(ue)
935 2288 968 2352 in
993 2293 1177 2371 emptorem,
1202 2294 1257 2374 qui
1282 2294 1338 2356 ad·

160 2412 265 2455 versus
288 2391 320 2454 id
345 2390 412 2456 S.C.
437 2393 574 2470 fecisset,
598 2394 775 2457 constituta
798 2396 889 2468 esset,
914 2392 974 2477 [ut]
991 2392 1062 2474 (¹⁸)
1080 2394 1136 2477 qui
1152 2395 1227 2477 quid
1243 2397 1338 2460 emis-

158 2503 203 2560 set
226 2497 358 2580 dnplum
383 2497 450 2561 eius
474 2498 587 2581 quanti
610 2498 740 2561 emisset
763 2499 795 2561 in
820 2498 975 2562 aerarium
1000 2497 1121 2561 inferre
1135 2503 1340 2586 cogere(¹¹)-

159 2608 208 2664 tur
238 2609 270 2665 et
294 2602 361 2665 eius
388 2603 444 2686 qui
467 2602 663 2666 vendidisset
685 2602 784 2666 inrita
806 2603 897 2667 fieret
920 2603 1071 2680 venditio,
1095 2605 1133 2669 de
1156 2604 1196 2668 iis
1219 2612 1337 2682 autem,

159 2708 209 2790 qui
233 2730 341 2770 reruni
366 2707 435 2790 (¹¹¹)
459 2730 589 2771 suarum
615 2728 810 2790 possessores
834 2706 937 2772 futuri
960 2709 1084 2792 aliquas
1106 2715 1213 2793 partes
1229 2733 1338 2776 earum

157 2816 348 2886 mutassent,
377 2812 452 2874 dum
476 2813 570 2875 modo
597 2813 667 2894 (Μ)
691 2834 755 2877 non
780 2813 1010 2896 negotiationis
1033 2834 1128 2877 causa
1150 2819 1337 2891 mutassent,

156 2916 234 2980 nihil
267 2922 352 2980 esset
383 2923 556 2991 novatum
591 2922 624 2980 et
653 2917 810 2980 necessari
841 2918 910 2998 (¹¹)
944 2917 1133 2983 Alliatoriae
1155 2917 1337 3004 Celsilfflae,

157 3021 263 3083 uxoris
288 3020 382 3084 Atilii
405 3020 538 3104 Luperci
563 3021 760 3085 ornatissimi
787 3023 855 3098 viri,
879 3025 1172 3105 exposuis(¹¹)sent
1195 3026 1269 3089 huic
1285 3048 1338 3089 or·

154 3123 231 3202 dini,
256 3130 380 3207 patrem
403 3125 471 3188 eius
495 3125 705 3189 Alliatorium
729 3124 856 3190 Gelsunr
880 3127 992 3190 emisse
1016 3127 1132 3191 fundos
1156 3150 1226 3192 cum
1251 3132 1338 3194 aedi·

156 3229 222 3293 ficis
247 3230 280 3293 in
305 3229 375 3315 (¹⁴)
398 3231 529 3315 regione
552 3230 750 3308 Mutinensi¹,
775 3232 829 3314 qui
847 3236 1036 3295 vocarentur
1051 3232 1154 3315 campi
1171 3232 1280 3312 Macri,
1305 3239 1337 3299 in

155 3335 270 3417 quibus
294 3334 371 3398 locis
395 3340 552 3399 mercatus
571 3334 654 3417 api¹⁰
679 3332 968 3418 supe(¹¹)rioribns
984 3334 1097 3399 solitus
1113 3342 1196 3401 esset
1210 3342 1336 3423 tempo-

155 3438 253 3516 ribus,
279 3440 342 3503 iam
366 3461 422 3523 per
445 3439 573 3524 aliquod
600 3461 699 3504 annos
724 3440 856 3503 desisset
878 3438 1004 3515 haberi,
1029 3460 1128 3523 eaque
1152 3441 1224 3523 (³¹)
1251 3444 1338 3507 aedi·

154 3542 225 3606 ficia
248 3543 347 3628 longa
370 3549 529 3609 vetustate
554 3544 775 3610 dilaberentur
799 3566 901 3628 neque
925 3545 1043 3609 refecta
1067 3546 1139 3609 usui
1159 3552 1264 3612 essent
1285 3549 1337 3613 fu-

155 3656 241 3722 tura,
276 3649 353 3732 quia
375 3672 479 3733 neque
504 3653 575 3730 (¹¹)
599 3649 761 3714 habitaret
793 3649 825 3712 in
851 3650 889 3713 iis
913 3650 1081 3733 quisquam
1105 3673 1163 3715 nec
1186 3651 1282 3716 vellet
1304 3653 1337 3717 iu

155 3751 280 3815 deserta
312 3753 384 3815 uc¹¹
412 3755 538 3817 ruentia
570 3755 798 3838 commigrare:
830 3776 870 3818 ne
892 3755 968 3838 quid
997 3756 1066 3838 (¹¹)
1092 3756 1196 3819 fraudi
1218 3758 1338 3822 multae

154 3858 366 3940 poenaeq(ue)
399 3863 481 3923 esset
502 3857 695 3943 Gelsilfflae,
727 3860 753 3923 si
777 3881 814 3924 ea
837 3859 989 3936 aedificia,
1019 3859 1057 3922 de
1081 3859 1197 3942 quibus
1221 3861 1254 3924 in
1278 3863 1338 3926 hoc

153 3959 265 4024 ordine
287 3965 392 4025 actum
416 3963 487 4045 (¹¹)
511 3968 610 4039 esset,
644 3968 700 4026 aut
728 3961 880 4026 demolita
903 3962 1055 4041 fuissent,
1090 3970 1147 4027 erit
1169 3987 1206 4029 ea
1228 3967 1336 4030 condi-

226 4136 250 4197 l)
269 4136 404 4203 oportere.
425 4164 458 4174 -
477 4136 505 4196 2)
523 4137 653 4190 emerint.
675 4165 707 4174 -
727 4138 755 4203 3)
774 4136 860 4189 intra.
880 4167 915 4175 —
934 4140 962 4204 4)
981 4137 1113 4194 dominio.
1134 4171 1165 4181 —
1188 4141 1215 4209 5)
1234 4157 1283 4193 om.
1304 4171 1336 4179 -

156 4220 183 4285 6)
207 4224 275 4275 ante
294 4221 387 4275 decim.
419 4253 453 4260 —
482 4225 509 4290 7)
529 4224 572 4277 Ab
592 4224 641 4278 hoc
660 4224 738 4277 verbo
761 4241 841 4292 uaqrre
860 4225 897 4277 ud
914 4241 999 4278 rocem
1021 4225 1145 4281 venditio
1163 4228 1198 4295 (o.
1217 4228 1264 4296 29)
1283 4227 1336 4281 Se.

152 4304 190 4356 ad
206 4306 313 4359 rnorem
325 4307 387 4374 fere
403 4309 518 4362 relatum
537 4316 575 4363 est
600 4327 618 4362 o
637 4309 725 4363 Paulo
745 4311 774 4362 iu
792 4310 832 4364 D.
850 4314 959 4376 18,1,5·;¹.
989 4342 1022 4350 -
1050 4310 1079 4381 8)
1098 4329 1185 4383 quam
1203 4316 1244 4369 cel
1261 4315 1334 4384 quod

154 4394 280 4461 esnrrplq
298 4411 354 4463 qno
372 4395 435 4464 plus
453 4396 520 4466 Εἰ).
543 4428 573 4437 -
594 4398 621 4464 9)
642 4395 814 4452 Muliniensi.
834 4427 867 4436 —
888 4400 931 4467 10)
951 4398 1000 4454 aci.
1020 4430 1054 4440 -
1075 4402 1116 4465 ll)
1129 4401 1265 4458 desertae.
