2992 5040
597 319 697 376 Edicta
715 323 886 391 praetorum.
1274 323 1337 389 221

159 517 226 561 meo
252 496 361 561 eiusve
384 497 474 562 cuius
497 519 535 563 ea
556 497 734 562 iurisdictio
759 496 837 576 fuit,
871 519 951 578 quoe
972 519 1041 562 rnen
1064 497 1134 577 est¹,
1160 498 1194 562 in
1216 518 1340 582 posses·

162 601 279 666 sionem
307 601 464 666 bonorum
487 601 541 677 sit,
564 603 598 666 in
621 624 693 666 eum
718 602 752 666 in
776 602 896 667 factum
920 603 1082 681 iudicium,
1105 604 1217 689 quanti
1240 625 1276 668 ea
1290 624 1340 667 res

162 705 246 784 crr't’,
271 707 311 770 ob
335 729 431 790 quani
455 706 489 771 iu
513 708 743 792 possessionem
765 709 881 773 missus
904 709 974 785 erIt,
998 707 1107 772 dabo'.

243 808 393 876 XXXIX.
434 812 766 894 Quemadmodum
796 835 815 876 o
847 813 1041 877 bonorum
1070 816 1247 892 emptore
1280 809 1445 891 settim

160 921 297 980 contro
319 938 404 980 eum
427 921 585 998 apator.
632 918 661 979 1.
686 913 737 980 De
760 915 930 980 Rutiliana
953 915 1100 981 octime‘.

245 1022 276 1084 2.
311 1019 363 1084 De
383 1020 613 1102 pri-nitepc'oriis
635 1019 856 1085 creditoribms⁵
873 1070 979 1084 .....

246 1127 276 1190 3.
311 1125 404 1202 Quod
428 1129 540 1208 postea
561 1128 761 1189 contractum
784 1125 855 1203 erit,
886 1146 981 1209 quam
1005 1125 1042 1203 is,
1065 1125 1155 1189 cuius
1177 1123 1262 1188 bona
1285 1145 1339 1187 ve·

161 1230 291 1311 nierint,
323 1230 492 1295 consilium
506 1230 773 1312 sromdomdormm
795 1229 999 1294 creditomm⁸
1024 1231 1158 1314 ceperit,
1189 1229 1340 1295 fraudare

162 1335 277 1399 sciente
299 1356 337 1399 eo
360 1335 417 1419 qni
440 1336 645 1414 contraxerit,
669 1358 709 1400 ne
733 1335 816 1400 ectio
839 1357 875 1400 eo
899 1337 1028 1401 nomine
1050 1335 1169 1401 deturI.

244 1443 274 1504 4.
310 1438 363 1504 De
384 1439 540 1506 Serviane
563 1439 709 1506 aetione⁸.

244 1547 275 1609 5.
310 1544 357 1610 De
379 1547 660 1629 separationibus!

244 1649 309 1715 XL.
346 1651 650 1716 Decurntore
682 1651 814 1716 bonis
841 1649 1026 1716 dendo¹⁰.
1074 1654 1101 1719 1.
1126 1652 1177 1719 De
1199 1650 1445 1732 admisi-⁰12,⁰t·,⁶,⁶'

160 1755 310 1820 strattone
332 1757 525 1821 curatoris¹¹.

245 1860 275 1922 2.
313 1859 401 1935 Quae
423 1860 636 1925 fraudationis
659 1883 755 1927 eausa
777 1867 869 1948 gesto
892 1868 988 1928 erunt
1010 1886 1080 1929 cnm
1106 1886 1154 1944 eo,
1177 1865 1233 1950 qui
1248 1865 1336 1929 fran-

161 1965 228 2029 dem
252 1986 317 2029 non
340 1966 549 2052 ignoraverit,
574 1967 611 2031 de
633 1966 685 2031 his
706 1968 847 2032 curatori
871 1968 1028 2033 bonorum
1050 1970 1101 2035 vel
1116 1971 1156 2048 ei,
1179 1971 1231 2034 eni
1246 1969 1285 2033 de
1300 1992 1337 2034 ee

162 2091 193 2133 re
216 2069 373 2134 actionem
397 2070 473 2134 dare
496 2072 666 2154 oportebit,
689 2072 777 2137 intre
798 2095 928 2151 annum,
952 2096 1015 2158 qno
1038 2074 1224 2159 experiundi
1247 2078 1336 2158 pote-

158 2182 220 2240 stas
254 2175 367 2253 fuerit,
398 2176 555 2240 actionem
584 2177 675 2242 dabo.
714 2178 810 2263 idque
841 2180 937 2243 etiam
965 2180 1115 2243 adversus
1137 2180 1252 2262 ipsum,
1282 2181 1337 2262 qui

157 2278 301 2344 fraudem
326 2278 412 2357 fecit,
435 2279 609 2346 servabo¹¹.

241 2382 325 2450 XLI.
362 2383 423 2448 De
455 2408 500 2450 re
528 2386 788 2452 iudicatam.

161 2594 262 2673 (Pars
285 2595 405 2675 quisito.
451 2594 694 2679 additamentis:
728 2597 963 2662 interdictorum
991 2599 1203 2679 exceptiorrmn
1237 2599 1337 2679 stiper-

568 2699 721 2763 Iatc'ormm
741 2698 926 2784 formulae.)

592 2836 691 2902 XLII.
727 2837 909 2903 Interdicto.

242 2978 271 3039 l.
296 2997 324 3038 a.
360 2975 559 3051 Quorum
588 2975 807 3040 bonorum
828 2998 867 3040 ex
892 2978 996 3042 edicto
1018 3000 1088 3043 meo
1111 2977 1160 3042 illi
1182 2980 1339 3063 possessio
1351 2978 1442 3059 8:235:

155 3080 227 3145 data
252 3084 314 3158 est,
338 3079 423 3164 quod
446 3079 484 3144 de
507 3078 558 3143 his
581 3080 674 3144 bonis
697 3103 755 3164 pro
778 3081 892 3146 herede
915 3090 972 3146 aut
993 3105 1051 3167 pro
1068 3103 1246 3167 possessore
1261 3105 1335 3167 pos·

158 3184 237 3249 sides
261 3183 489 3267 possideresve,
513 3184 540 3247 si
563 3182 645 3247 nihil
661 3189 852 3268 usucaptnm
867 3190 958 3264 esset,
975 3180 1146 3270 quodque¹⁴
1163 3185 1236 3251 dolo
1251 3188 1335 3252 malo

157 3288 270 3365 fecisti,
296 3286 345 3350 uti
369 3286 529 3352 desineres
551 3289 721 3372 possidere,
746 3289 778 3352 id
802 3287 851 3353 illi
874 3288 1060 3356 restituas¹⁵.
1213 3363 1218 3371 ,

242 3392 272 3456 b.
309 3389 425 3467 Quod
451 3391 562 3456 dehis
584 3392 677 3457 bonis
701 3395 851 3475 (errorum
867 3397 1026 3475 possessio
1045 3417 1082 3460 ex
1098 3395 1193 3461 edicto
1208 3418 1273 3461 oreo
1288 3397 1336 3461 itti

153 3497 230 3562 dato
253 3498 323 3579 est),
350 3494 601 3580 legatorum
625 3497 754 3561 nomine
777 3519 841 3561 non
865 3498 1031 3564 voluntate
1054 3501 1171 3585 (itlius)
1196 3501 1336 3584 possides

153 3601 300 3685 quodque
334 3599 408 3664 dolo
432 3601 517 3665 malo
547 3600 652 3666 fecisti
684 3602 874 3684 quominus
898 3606 1089 3686 possideres,
1122 3606 1202 3689 (id),
1234 3605 1263 3670 si
1286 3608 1335 3687 (eo

223 3861 251 3923 1)
273 3858 315 3928 cs.
336 3859 372 3912 1).
391 3863 483 3927 sear
497 3877 541 3928 pr.
559 3889 594 3900 -
612 3861 641 3929 a)
660 3861 698 3915 1).
716 3864 803 3929 aasz
817 3878 881 3930 pr„-
898 3861 963 3916 run.
993 3863 1035 3932 os.
1054 3865 1109 3920 eoo.
1129 3870 1177 3929 rs.
1196 3896 1230 3905 -
1249 3867 1276 3936 s)
1298 3869 1334 3921 1).

152 3951 236 4014 43,4‚1
250 3964 298 4016 pr.
336 3946 381 4002 De
396 3949 479 4001 tertre
491 3948 642 4017 sropmente'
659 3951 835 4018 immptimre
850 3967 874 4006 o.
894 3951 930 4004 Ε.
953 3951 984 4005 Ρ.
1000 3969 1029 4020 p.
1047 3955 1100 4006 216
1116 3970 1143 4006 m
1154 3957 1180 4007 8,
1200 3983 1233 3993 -
1251 3956 1280 4022 4)
1299 3955 1334 4008 Ε.

154 4034 185 4088 Ρ.
204 4040 220 4102 §
237 4038 301 4090 218.
339 4034 401 4090 Gai.
419 4039 488 4102 ret.
509 4065 541 4075 -
562 4039 589 4103 5)
607 4036 643 4089 E.
663 4036 695 4090 Ρ.
714 4041 730 4102 §
747 4041 807 4092 219.
826 4066 859 4077 -
881 4041 908 4106 6)
928 4038 974 4092 ite
992 4042 1059 4093 corsi.
1079 4040 1145 4107 Mo,
1164 4041 1245 4111 Dap..-
1263 4059 1334 4095 rece·

154 4122 235 4190 perit.
256 4152 291 4162 -
311 4123 339 4190 7)
356 4121 393 4176 D.
411 4126 525 4189 42,5.25.
545 4153 573 4163 -
596 4124 623 4194 8)
642 4123 679 4178 Ε.
692 4124 725 4177 P.
743 4128 834 4189 §222
852 4124 914 4180 Gai.
926 4129 994 4193 4,35.
1014 4157 1045 4167 -
1066 4127 1093 4194 9)
1112 4127 1197 4183 Robr.
1216 4128 1252 4182 D.
1265 4132 1334 4194 42,6.

153 4239 186 4249 -
206 4209 503 4279 rememoras.
532 4243 563 4251 -
593 4212 691 4280 mn.
714 4212 860 4278 asser.
888 4243 924 4253 -
953 4213 996 4282 12)
1016 4214 1216 4284 D.42,8‚1pr.
1236 4245 1270 4255 -
1291 4216 1334 4284 13)

154 4295 236 4351 Rntr.
256 4296 295 4349 D.
315 4300 384 4363 42,1.
423 4297 465 4366 Cf.
485 4298 541 4352 eod.
560 4303 591 4366 7,·
608 4302 713 4366 2532.-
739 4297 814 4354 ‘aar
838 4299 875 4354 ad
894 4300 938 4355 ed.
957 4318 998 4369 pr.
1019 4301 1080 4357 urb.
1099 4301 1144 4357 tit.
1163 4302 1197 4356 de
1216 4319 1245 4356 re
1263 4302 1335 4355 iudi·

153 4382 235 4437 oata'.
254 4413 290 4424 -
310 4384 356 4454 14)
374 4384 469 4440 Flem:
489 4385 570 4455 ‘quod
589 4386 717 4456 quidem'.
739 4417 771 4427 —
792 4389 836 4455 15)
854 4386 891 4443 D.
910 4392 1000 4455 43‚2‚1
1012 4405 1053 4456 pr.
