2992 5040
539 331 735 402 obligationes
754 330 959 386 alimentariae.

624 616 780 690 CAPUT
809 615 870 687 Vl.

154 798 482 883 0011010011ἱὸ
510 795 1159 1004 Α1111οΕὖ1ὲ11ὲ111ὲ111ξε8ῌο11101Ρ111Ε8
1188 795 1336 877 ntiae-

252 1109 327 1174 119.
364 1108 421 1195 Ex
445 1104 737 1170 institutione
760 1103 1037 1168 alimentaria
1060 1102 1249 1167 Traiani.

246 1246 308 1299 lam
335 1245 453 1299 Nersam
479 1246 666 1312 imperatorem
689 1241 799 1312 puellas
817 1257 972 1310 puerosque
990 1244 1073 1296 natos
1091 1241 1256 1309 parentibus
1274 1258 1337 1311 ogo·

153 1334 378 1403 stosislsumptu
396 1330 509 1401 publico
536 1348 586 1399 per
607 1329 707 1383 ltaliae
725 1328 829 1398 oppida
848 1328 886 1382 ali
911 1331 1023 1384 iussisse
1040 1331 1110 1383 Aur.
1136 1329 1201 1384 Vici.
1219 1346 1258 1398 ep.
1277 1332 1337 1396 12,4

153 1428 259 1476 narrat.
303 1420 381 1490 Quod
399 1418 572 1473 incohaverat
591 1417 696 1482 Nema,
720 1417 831 1485 perfecit
858 1416 995 1472 Traianus
1018 1423 1071 1471 tam
1090 1418 1177 1472 solida
1195 1418 1339 1486 stabilique

154 1513 278 1577 ratione,
307 1515 337 1562 nt
362 1524 446 1576 usque
470 1506 507 1560 ad
524 1504 727 1558 Diocletianum
740 1506 920 1573 permanserit
938 1506 994 1559 eius
1011 1506 1153 1560 institutio.
1192 1503 1284 1558 Certus
1301 1505 1339 1559 ad

154 1600 227 1652 bunc
248 1613 327 1651 usam
344 1596 477 1664 pecunias
500 1593 615 1662 sinpulis
633 1592 739 1661 oppidis
756 1592 901 1660 adtribuit,
925 1609 1039 1661 quarum
1056 1609 1089 1646 ex
1105 1592 1193 1646 reditu
1211 1593 1338 1646 alimenta

150 1703 203 1754 per
226 1691 312 1739 certos
330 1685 505 1751 mapastratus
518 1687 733 1750 praestarentur.
770 1680 986 1734 Adtrrbuttonem
1004 1687 1092 1733 autem
1111 1681 1244 1746 nequeita
1258 1680 1337 1733 iasti-

154 1775 215 1835 tuit,
235 1779 265 1825 ut
282 1778 376 1826 nostro
393 1786 466 1823 more
479 1772 530 1838 pia
547 1785 669 1836 corporo,
688 1784 756 1836 auae
768 1784 949 1835 personarum
966 1770 1021 1821 m'ce
1034 1767 1221 1836 funperentur,
1241 1769 1336 1821 cousti-

154 1866 245 1919 tueret‚
267 1874 350 1927 neque
368 1860 416 1917 ita.
434 1863 465 1910 ut
476 1857 606 1925 pecunias
624 1858 690 1924 ipsis
707 1855 860 1910 civitatibus
877 1855 1105 1910 administrandas
1117 1854 1273 1921 concederet,
1292 1855 1339 1909 sed

153 1948 276 2016 privatis
295 1943 457 2010 bantinibns,
471 1943 576 2011 fundos
589 1944 794 2012 possidentibus,
812 1946 942 2012 pecunias
959 1946 1048 2008 fenori
1064 1945 1143 2012 dedit,
1162 1947 1210 2013 qui
1222 1946 1338 2015 praedia

153 2051 205 2088 sua
235 2041 292 2087 tam
313 2049 366 2100 pro
391 2038 462 2084 sorte
485 2048 564 2099 orcam
585 2048 637 2099 pro
659 2033 752 2085 uostris
769 2033 927 2100 imperatori
948 2032 989 2085 ael
1006 2031 1166 2101 reipublicae
1183 2033 1338 2102 obliparent.

155 2122 265 2174 Errare
283 2120 403 2189 Sooipnp
423 2125 512 2183 (verm.
532 2117 607 2171 Scbr.
626 2121 697 2185 bit)
717 2124 741 2171 et
760 2117 865 2171 Pucbta
886 2119 965 2182 (Just.
983 2121 1073 2183 5118)
1098 2121 1210 2186 priuato
1226 2119 1338 2184 fiducia·

155 2226 215 2261 rum
240 2211 281 2262 oel
298 2209 506 2277 hypothecarum
522 2208 583 2260 iure
601 2223 659 2260 eam
676 2207 865 2276 oblipationem
878 2207 985 2274 factam
996 2221 1053 2260 esse
1062 2211 1241 2273 putauerunt3
1258 2208 1338 2260 immo

155 2297 294 2364 callipitur
318 2312 332 2348 e
354 2295 408 2363 lepe
431 2294 533 2348 Malae.
558 2310 579 2347 c.
598 2297 677 2347 6063
700 2295 758 2347 sola
775 2294 949 2362 praediorum
965 2293 1168 2362 subsipnatione
1184 2295 1214 2346 in
1232 2293 1339 2348 tabulas

152 2384 282 2451 publicas
300 2384 386 2436 relata
406 2399 462 2435 eom
481 2388 618 2449 peractam
637 2397 698 2447 esse,
717 2387 748 2433 ut
765 2397 821 2433 mos
840 2387 898 2434 erat
915 2382 945 2434 in
963 2380 1086 2434 manibus
1100 2382 1271 2448 privatorum
1290 2380 1338 2434 ad·

156 2487 248 2524 vasus
275 2485 330 2522 rem
351 2469 487 2537 publicam
512 2468 731 2537 oblipationibus.
769 2468 813 2521 Ita
831 2485 899 2536 opus
918 2484 972 2522 non
990 2474 1048 2523 erat
1066 2469 1145 2537 lonpo
1163 2469 1338 2537 mancupatio-

155 2575 219 2610 num
247 2563 273 2609 et
296 2557 555 2623 remancipationum
580 2556 710 2622 cirmitu,
739 2572 792 2623 quo
812 2556 922 2609 Plinius
944 2556 1028 2610 simili
1049 2557 1079 2609 in
1096 2573 1125 2610 re
1142 2573 1219 2610 usum
1237 2573 1266 2610 se
1283 2573 1339 2611 esse

156 2645 219 2697 dicit
247 2642 337 2710 (infra
360 2641 456 2708 Vis),
483 2642 512 2694 id
530 2642 602 2711 quod
616 2649 783 2711 putaverunt
801 2642 944 2705 Bacboien
970 2646 1046 2710 (rbm.
1067 2643 1292 2712 Pfondr.1,226)
1311 2652 1336 2699 et

157 2731 269 2785 Heneen
296 2730 360 2794 (tab.
380 2730 454 2783 alim.
479 2730 560 2783 Baeb.
579 2733 678 2795 2526).
710 2760 741 2770 -
766 2730 814 2783 Eu
837 2731 960 2784 omnibus
980 2748 1030 2798 per
1052 2733 1203 2786 universam
1227 2732 1339 2787 ltaliam

157 2826 218 2872 tuna
243 2820 401 2886 conscriptis
422 2817 597 2887 praediorum
620 2819 826 2887 obtipationibus
849 2819 903 2872 duo
921 2825 1026 2872 tantum
1045 2819 1082 2873 ad
1098 2836 1147 2873 nos
1160 2826 1339 2888 pervenerunt

154 2907 355 2973 professionum
374 2905 481 2972 indices,
500 2906 568 2960 alter
586 2905 748 2972 Veleiotium,
767 2907 836 2960 atter
851 2905 985 2975 Lipurum
997 2906 1097 2961 Italiae
1109 2909 1254 2975 inferioris,
1274 2925 1337 2976 quo·

157 3010 215 3046 rum
243 2995 311 3047 satis
336 2993 420 3046 babui
441 2994 555 3062 recipcre
580 2994 676 3061 quibus
693 3011 797 3048 summa
814 2995 855 3047 rei
871 2995 1062 3048 dlststraretur.
1100 2995 1192 3062 Neque
1209 2997 1280 3049 enim
1297 2999 1337 3065 ip

158 3097 213 3133 sam
234 3080 423 3149 oblipationem
440 3082 481 3134 ael
498 3081 724 3149 subsipnationem
738 3081 913 3149 praediorum
932 3083 967 3133 iis
986 3083 1124 3148 contineri,
1142 3082 1189 3136 sed
1204 3085 1262 3136 eius
1277 3099 1337 3152 per·

156 3167 286 3231 ficiendae
306 3183 389 3220 causo
405 3167 509 3235 factum
527 3166 639 3220 indicem
658 3168 789 3235 quendam
808 3166 887 3220 serbo
902 3167 1055 3222 sollemnia:
1085 3169 1224 3237 professus
1242 3172 1285 3225 est
1306 3200 1336 3210 —

159 3254 283 3324 accipere
307 3253 391 3308 debet
410 3258 439 3308 et
457 3253 599 3316 oblinire,
626 3253 772 3308 declarant.
792 3283 824 3292 ·-
847 3253 939 3307 Totius
956 3256 1135 3310 iustitutionis
1152 3257 1338 3312 alimentariae

157 3342 297 3396 historiam
310 3341 467 3408 consmipsit
480 3341 589 3395 Hermen
608 3343 625 3397 1,
635 3358 655 3396 c.
669 3345 762 3406 7-57,
782 3343 826 3395 cui
844 3342 911 3394 adde
931 3342 987 3396 Mo.
1006 3342 1078 3396 Berl.
1090 3344 1153 3397 Ber.
1172 3347 1238 3397 1861
1252 3363 1281 3413 p.
1292 3348 1336 3409 87,

159 3428 183 3479 C.
204 3428 228 3482 1.
249 3426 283 3481 L.
304 3431 383 3494 2,157
401 3447 427 3481 n.
447 3433 519 3490 1174,
539 3429 651 3483 Hermes
667 3432 814 3496 spontis.

405 3608 431 3649 a.
449 3595 554 3650 Tabula
572 3595 689 3652 Votelss.
724 3590 765 3673 (a.
793 3591 963 3655 103-112
987 3615 1016 3675 p.
1043 3590 1089 3674 C.)

228 3725 257 3779 0.
269 3724 339 3779 aa.
354 3728 448 3785 11208
465 3743 492 3779 n.
511 3730 584 3779 1147.
624 3726 727 3780 Tabula
742 3744 890 3796 pcrmapna
909 3729 946 3794 (a.
966 3732 1023 3794 1,35
1041 3747 1084 3796 m,
1105 3730 1121 3784 1.
1141 3733 1158 3783 3
1175 3734 1223 3797 m.)
1240 3739 1338 3800 septem

158 3813 288 3866 columnis
307 3815 374 3879 (772
384 3813 512 3873 versibus)
525 3815 664 3882 inscripta,
684 3815 781 3882 quibus
788 3817 966 3883 praescriptio
979 3816 1076 3871 litteris
1086 3819 1235 3872 maioribus
1246 3836 1337 3888 super-

157 3903 257 3969 saipto
288 3906 342 3967 est,
372 3907 477 3969 reperto
502 3918 527 3955 a.
546 3905 613 3955 1747
631 3904 661 3954 in
679 3904 767 3955 ruinis
785 3901 887 3956 Veleiae
904 3904 1040 3971 antiquae,
1059 3905 1137 3959 bodie
1156 3906 1272 3960 Parmae
1289 3907 1336 3961 ad·

157 3994 270 4041 sumata.
308 3987 396 4041 Edita
413 3995 452 4041 est
470 4005 486 4039 a
506 3987 539 4040 F.
560 3988 594 4041 A.
620 3988 708 4056 Wolf,
732 3989 856 4058 Strftunp
877 3988 1000 4051 Troians,
1020 3994 1107 4057 1808,
1138 3993 1169 4045 Ρ.
1188 3993 1220 4047 de
1239 3993 1335 4060 Lama,

159 4079 210 4128 tao.
230 4076 304 4128 alim.
320 4074 408 4141 Vellej.
428 4078 509 4142 1810,
538 4076 711 4143 Desiardins,
730 4078 762 4130 de
780 4078 881 4130 tabulis
900 4078 970 4131 alim.
992 4082 1068 4139 1851,
1087 4096 1199 4145 quocum
1219 4081 1253 4146 cf.
1270 4083 1338 4135 eius·

158 4160 212 4214 dem
231 4162 366 4215 libellum:
390 4162 493 4216 Vellera.
531 4162 725 4217 Romac1858.

245 4283 412 4372 Obligalio
435 4286 636 4369 praediorum
660 4287 701 4350 ob
725 4285 780 4351 HS
803 4289 927 4352 deciens
951 4290 1165 4373 quadraginta
1185 4297 1337 4374 quattuor
1355 4317 1476 4373 psam„

160 4390 249 4454 milis
273 4389 469 4469 (1044000'),
493 4398 529 4454 ut
553 4413 591 4455 ex
615 4391 817 4476 indulgentis
840 4394 953 4476 optimi
975 4395 1168 4479 maximique
1187 4397 1339 4480 principis

205 4491 304 4555 Βιῦιο,
324 4498 412 4544 Fontes
431 4499 498 4544 iuris.
534 4501 577 4545 Ed.
597 4500 640 4547 v1.
1091 4496 1125 4550 10
