2992 5040
695 292 799 350 Festus.
1294 301 1335 365 33

154 468 183 534 R
200 493 248 535 en
259 472 291 553 [a
301 493 320 534 rr
333 498 347 535 r
359 474 370 535 i
382 477 393 535 t
407 494 424 535 u
436 494 454 533 r
478 520 485 534 .
503 520 510 534 .
535 470 733 553 sip]nificare
755 472 801 536 ait
823 469 1098 558 rep[relrender·it;
1128 475 1211 538 arride
1233 477 1337 540 adbuc

155 578 227 660 uos]
252 577 386 641 dicimus
409 576 636 654 ‘nanciscitur'‚
663 575 707 662 [et
723 577 889 649 ‘riarictrcs’,
908 578 942 640 id
958 584 1005 641 est
1020 579 1182 661 adeptus}
1206 580 1245 642 F.
1257 586 1335 645 277.

154 679 241 746 Ren
253 704 271 744 s
281 705 300 745 n
311 705 328 746 c
340 684 351 746 i
361 686 431 747 tur
454 682 616 765 significet
641 681 888 766 reprehenderit,
913 683 995 746 unde
1011 682 1115 748 adhuc
1130 706 1187 747 nos
1203 685 1335 750 dicimus

154 787 369 852 ‘nanciscitur’
393 793 426 851 et
449 790 615 865 ‘nanctus'‚
639 787 672 851 id
695 791 744 850 est
766 787 909 870 adeptus.
949 789 988 852 P.
1012 791 1088 853 276.

154 890 238 955 ltes
267 892 644 975 conperendinata
675 892 838 977 significat
867 893 1017 956 iudicium
1041 894 1074 955 in
1099 894 1229 958 tertium
1253 896 1336 960 diem

153 996 394 1062 constitutum².
441 998 479 1061 P.
502 1002 580 1062 283.

154 1099 182 1164 R
195 1125 238 1165 es
252 1102 262 1165 i
276 1124 298 1188 g
310 1125 330 1164 n
343 1124 362 1165 a
374 1124 418 1166 re
446 1102 571 1186 antiqui
595 1125 653 1187 pro
677 1103 849 1168 rescribere
872 1103 1047 1186 ponebant,
1078 1108 1114 1168 ut
1136 1104 1239 1169 adhuc
1262 1106 1336 1169 sub-

154 1207 284 1291 signare
307 1206 441 1272 dicimus
464 1229 522 1290 pro
546 1205 744 1272 subscribere
767 1197 836 1272 cett.
879 1207 922 1271 F.
946 1212 1022 1273 281.

154 1309 458 1396 designatum
493 1335 545 1377 aes
576 1313 693 1377 dicitnr
723 1312 834 1389 militi,
867 1333 938 1376 cum
969 1311 1008 1376 ob
1033 1313 1182 1377 delictum
1207 1315 1336 1399 aliquod

153 1419 240 1480 iussu
261 1414 410 1500 tr(ibuni)
436 1415 591 1481 militum*
615 1419 648 1480 in
665 1417 792 1481 tabulas
809 1415 962 1491 refertum
987 1417 1128 1500 signare³
1147 1420 1230 1482 enim
1247 1419 1333 1484 anti-

154 1521 209 1605 qui
234 1542 293 1605 pro
316 1522 456 1587 scribere
478 1522 636 1586 interdum
662 1521 832 1605 ponebant.
878 1521 917 1584 F.
943 1526 1020 1585 285.
1067 1522 1120 1603 (P.
1144 1529 1238 1606 284.)

155 1624 211 1690 lte
227 1648 276 1688 ns
299 1647 384 1691 nunc
406 1626 539 1705 dicitur,
572 1627 626 1711 qui
649 1648 777 1691 causam
802 1627 896 1704 dicit,
928 1627 1058 1692 etitem
1082 1630 1136 1712 qui
1160 1630 1235 1713 quid
1260 1652 1335 1714 pro·

154 1732 244 1795 misit
266 1732 490 1814 spoponditve⁴
516 1754 552 1796 ac
576 1733 685 1807 debet;
710 1739 743 1796 at
767 1731 877 1796 Gallus
896 1732 1007 1796 Aelius
1030 1730 1100 1796 1.ss
1123 1734 1334 1817 significatio·

155 1836 249 1899 num⁶
277 1836 444 1900 verborum
469 1859 549 1920 quae
573 1839 611 1902 ad
636 1839 684 1901 ius
707 1837 884 1921 pertinent⁶
910 1838 974 1902 ait:
999 1837 1168 1917 ‘Reusest
1192 1841 1334 1924 quicum

155 1939 256 2031 altero
280 1940 369 2004 litem
394 1947 604 2005 contestatam
630 1941 735 2021 habet,
758 1942 824 2006 sive
847 1941 891 2006 isl
915 1943 982 2027 egit
1005 1942 1072 2006 sive
1087 1965 1159 2008 cum
1175 1966 1211 2008 eo
1227 1952 1333 2010 actum

154 2050 210 2109 est.
260 2043 345 2109 Reus
368 2046 551 2129 stipulando
574 2051 622 2110 est
641 2046 734 2125 idem,
758 2047 813 2130 qui
828 2046 1000 2130 stipulator
1017 2048 1133 2112 dicitur
1149 2049 1259 2132 quive⁸
1276 2072 1333 2114 suo

154 2151 283 2214 nomine
307 2150 346 2214 ab
370 2150 470 2215 altero
494 2152 570 2234 quid
594 2151 782 2235 stipulatus⁹
807 2156 864 2229 est,
888 2174 952 2215 non
976 2149 1018 2216 is⁷
1044 2153 1099 2236 qui
1122 2153 1215 2219 alteri
1235 2155 1334 2219 adsti-

155 2255 284 2337 pulatus
307 2261 364 2318 est.
413 2255 497 2321 Reus
520 2257 734 2340 promittendo
759 2262 816 2333 est,
840 2258 895 2340 qui
919 2279 976 2320 suo
999 2258 1127 2322 nomine
1148 2259 1241 2323 alteri
1257 2259 1333 2343 quid

154 2361 300 2442 promisit
324 2361 457 2444 quire¹⁰
484 2383 542 2444 pro
564 2362 664 2427 altero
687 2363 764 2446 quid
780 2362 946 2446 promisit'
987 2364 1032 2427 At
1047 2363 1159 2448 Capito
1176 2365 1327 2430 Ateius¹¹

155 2465 185 2527 in
213 2464 322 2529 eadem
355 2466 481 2548 quidem
511 2467 661 2549 opinione
688 2474 745 2545 est,
777 2469 831 2532 sed
854 2469 999 2551 exemplo
1021 2469 1153 2533 adiurat
1175 2470 1333 2554 interpre-

157 2571 326 2646 tationem3
351 2572 465 2634 nam¹2
492 2572 524 2634 in
549 2573 685 2637 secunda
709 2573 820 2637 tabula
842 2574 979 2638 secunda
1001 2574 1081 2660 lege,
1105 2575 1136 2638 in
1154 2598 1218 2659 qua
1233 2576 1333 2661 scrip·

153 2680 220 2739 turn
254 2679 319 2739 est:
352 2675 438 2759 ‘quid
471 2677 584 2740 horum
615 2678 679 2742 fuit
702 2682 840 2742 nnum¹³
867 2679 964 2743 iudici
988 2678 1149 2744 arbitrove
1172 2702 1273 2759 reove,
1297 2705 1334 2746 eo

153 2780 217 2844 dies
246 2780 426 2844 diffissus¹⁴
454 2781 585 2859 esto'15,
609 2782 660 2846 hic
684 2790 826 2866 uterque,
851 2786 939 2848 actor
956 2787 1143 2868 reusque¹⁰,
1168 2786 1201 2848 in
1217 2786 1334 2851 iudicio

153 2907 223 2949 reus
239 2888 272 2927 ¹⁷
301 2892 441 2963 vocatur,
474 2888 614 2970 itemque
639 2893 803 2951 occursator
826 2889 864 2951 de
887 2889 938 2951 ria
961 2888 1091 2951 citur¹⁸
1119 2911 1206 2954 more
1229 2895 1334 2955 vetere

154 2994 184 3055 et
208 2991 434 3054 consuetudine
459 2993 600 3075 antiqua.
647 2993 687 3057 F.
711 2998 787 3056 273.

154 3095 261 3160 Reus
275 3118 413 3180 cumpro
427 3097 571 3180 ultroque
575 3105 729 3178 [rorantur.
740 3098 838 3181 uiuit]
848 3147 854 3160 .
864 3147 885 3161 ..
895 3099 967 3163 nius
979 3098 1159 3184 ...qu[iout
1168 3097 1266 3184 dqcit
1275 3123 1333 3184 pro

152 3223 184 3266 se
196 3199 265 3287 a[ut
280 3207 390 3266 contro
404 3208 432 3265 lc
445 3205 523 3281 opit
538 3210 666 3283 aterqiae
679 3201 894 3290 semiurendo
906 3208 962 3268 tno
975 3206 1021 3267 uti
1040 3203 1176 3291 [potestl.
1201 3205 1242 3268 F.
1254 3210 1331 3271 289.

153 3305 278 3371 Ritus
301 3313 350 3372 est
364 3330 432 3371 mos
448 3308 662 3391 conprobatus
678 3308 710 3371 in
727 3308 987 3373 administrandis
1002 3309 1175 3376 sacrificiis.
1201 3310 1240 3373 F.
1254 3314 1332 3375 289.

153 3410 296 3476 Rodus
320 3411 369 3476 vel
394 3413 509 3476 raudus
533 3413 696 3495 significat
711 3436 776 3477 rem
795 3415 903 3478 rudem
920 3419 952 3478 et
967 3415 1190 3498 inperfectam¹
1202 3419 1234 3491 ⁹3
1259 3437 1333 3479 nam

243 3588 270 3653 1)
290 3585 424 3640 iudicium
443 3584 559 3638 tertium
578 3586 761 3639 constitutum
783 3585 822 3638 M.
852 3617 884 3624 —
912 3585 942 3652 2)
962 3604 997 3641 ne
1015 3585 1187 3656 stipendium
1207 3587 1230 3640 ei
1251 3587 1333 3641 detur

154 3676 247 3728 raserit
268 3674 384 3727 Paulus.
410 3703 441 3712 -
466 3673 493 3738 3)
514 3672 657 3741 resignare
677 3674 732 3727 cod.
754 3705 786 3712 „
806 3674 833 3743 4)
851 3674 999 3743 sponditve
1019 3676 1075 3728 cod.
1097 3705 1126 3713 -
1148 3675 1177 3744 5)
1195 3674 1333 3744 significa-

155 3761 263 3817 tionem
284 3761 340 3815 cod.
374 3791 398 3799 —-
431 3761 457 3825 6)
476 3758 600 3830 pertinet
619 3761 673 3814 rod.
702 3789 730 3799 κ
756 3761 971 3829 uniscunt-
998 3763 1027 3829 8)
1046 3763 1149 3831 quippe
1167 3762 1222 3816 cod.
1254 3793 1285 3801 -
1305 3763 1333 3830 9)

153 3849 254 3917 quibus
287 3848 436 3918 populatus
456 3852 498 3902 est
526 3850 580 3901 rod.
620 3849 717 3918 [Immo
734 3867 783 3903 scr.
803 3849 906 3919 quippe
924 3867 973 3904 suo
991 3850 1103 3905 nomine
1121 3849 1158 3903 ab
1173 3848 1267 3909 ⁴altero
1285 3849 1332 3917 qni

153 3935 309 4005 stipulatus
329 3941 379 3990 est.
411 3935 461 3988 Tu.
482 3935 529 4006 Μ.)
555 3965 588 3974 -
618 3937 661 4004 10)
679 3936 726 4004 qni
746 3937 801 3990 arod.
827 3966 859 3975 -
880 3938 924 4002 11)
943 3940 974 3988 at
991 3935 1104 4005 capiton
1123 3941 1201 3990 actus
1220 3937 1274 3989 cod.
1300 3968 1332 3976 -

154 4023 197 4092 12)
221 4041 308 4077 numa
326 4024 382 4077 cod.
401 4053 433 4062 -
457 4024 500 4091 13)
518 4026 556 4077 sic
568 4023 633 4090 cod,
653 4023 752 4076 vitium
766 4024 898 4078 Curru-ius.
919 4026 1008 4090 -14)
1027 4023 1072 4078 die
1085 4022 1217 4078 diffensus
1230 4025 1284 4078 cod.
1298 4056 1333 4064 —

156 4112 198 4177 15)
218 4112 261 4179 Cf.
281 4118 342 4165 toiri.
364 4113 382 4164 1
394 4132 422 4180 p.
441 4116 474 4164 19
492 4112 545 4165 tub.
564 4111 606 4176 11,
616 4114 640 4162 2.
663 4141 693 4149 -
717 4112 759 4179 16)
778 4114 837 4165 esto
856 4127 929 4164 nuuc
947 4114 1063 4178 uterque
1080 4114 1207 4165 actorum
1220 4112 1333 4179 reiquae

153 4199 231 4263 corl.;
249 4199 347 4253 amend.
367 4201 437 4267 Λα).
457 4205 481 4251 et
495 4197 568 4253 illua
587 4229 620 4236 —
643 4197 685 4265 17)
706 4197 779 4265 reus]
799 4199 977 4265 depretiatus,
997 4214 1041 4251 me
1060 4198 1114 4250 cod.
1135 4228 1168 4235 -
1190 4197 1232 4266 18)
1251 4198 1285 4251 de
1305 4198 1333 4250 vi

153 4285 259 4339 accitur
279 4287 345 4352 cort,
364 4286 460 4339 emend.
476 4284 546 4338 Scul.
573 4285 684 4351 [ardetur
691 4286 795 4351 juisse:
813 4301 887 4338 nnnc
899 4288 1015 4353 uterque
1029 4288 1107 4339 actor
1120 4282 1208 4352 etqui
1221 4285 1249 4337 in
1262 4285 1332 4338 indi-

153 4372 225 4426 cium
241 4376 358 4427 vocatur
380 4372 503 4440 itemque
514 4374 658 4425 accinatur
669 4387 731 4425 reus
742 4370 851 4425 dicitnr.
871 4370 920 4424 Tu.
932 4372 979 4441 m]
993 4401 1022 4411 —
1038 4372 1081 4434 19)
1091 4371 1266 4441 inperfictam
1276 4372 1332 4427 cod.

205 4469 300 4518 Pruna.
319 4468 407 4513 Fontes
426 4470 496 4513 iuris.
525 4468 583 4514 Pars
603 4467 639 4514 11.
676 4467 719 4512 Ed.
741 4467 783 4514 VI.
1107 4460 1123 4512 3
