2992 5040
157 317 222 386 222
608 313 709 368 Ediets
727 315 898 384 praetorum.

160 493 297 574 nomine)
320 492 510 557 satisdatum
533 495 582 556 est
604 491 695 571 si(oo)
719 511 776 573 per
797 489 918 571 (illum)
941 511 1004 554 non
1022 493 1088 555 stet
1104 494 1139 553 ut
1155 490 1342 566 satisdetur,

158 598 224 679 (illi
245 597 408 678 restituas)
417 597 437 661 ¹.

246 723 272 766 o.
307 700 435 776 Quem
459 697 870 764 hereditatem¹....

246 807 276 870 d.
309 804 360 871 Ne
391 807 438 869 vis
474 805 529 869 list
556 805 601 881 ei,
633 804 689 888 qui
712 804 902 886 (lopotorum
923 803 1151 868 serendorum
1172 803 1340 885 commin

160 912 389 996 possessionem
413 911 527 976 missus
550 909 623 975 erit.
671 906 721 973 Ne
744 909 792 973 vis
819 908 874 973 fiat
896 909 935 985 ei,
959 930 1041 993 quoe
1055 909 1189 990 (ventris
1204 909 1344 986 nomino)

158 1018 191 1080 in
215 1016 446 1100 possessionem
468 1015 567 1078 misse
588 1012 679 1102 erit³.

246 1142 272 1184 e.
306 1117 355 1184 De
383 1118 503 1184 tubulis
532 1116 730 1183 exhibendis.
776 1115 862 1192 Ques
884 1115 1013 1182 tabulas
1035 1117 1150 1182 Lucius
1173 1115 1280 1181 Titius
1304 1118 1341 1181 ed

158 1222 291 1290 csnssm'
315 1223 499 1288 testamenti
523 1221 572 1287 sni
597 1221 794 1306 pertinentes
817 1219 984 1305 reliquisse
1007 1221 1138 1299 dioetur,
1168 1222 1197 1286 si
1212 1219 1274 1286 hse
1289 1243 1345 1305 pe·

159 1350 215 1393 nes
246 1335 279 1394 te
300 1333 377 1394 sunt
399 1332 456 1392 eut
480 1327 553 1392 dolo
576 1326 660 1392 melo
686 1331 742 1391 tuo
766 1325 888 1391 fastum
911 1332 974 1405 est,
1003 1331 1040 1391 nt
1062 1325 1244 1392 desinerent
1268 1347 1345 1403 esse,

160 1435 206 1498 itu
228 1456 280 1498 ess
303 1433 353 1497 illi
376 1431 537 1496 exhibeas.
574 1433 651 1496 item
675 1431 702 1495 si
727 1429 854 1495 libellus
877 1429 1004 1496 aliudve
1019 1431 1096 1516 quid
1112 1430 1259 1496 relictum
1275 1453 1342 1496 esse

161 1539 292 1615 dicetur,
317 1538 444 1602 decreto
467 1535 764 1621 comprehendsm⁴.

249 1643 286 1726 (f.
325 1641 532 1706 Interdictum
551 1642 793 1723 possessorium.
840 1661 872 1726 g.
897 1640 1016 1705 Iriterd.
1039 1640 1247 1721 sectoriumfl.

91 1748 137 1826 ἒξ
248 1750 277 1813 2.
313 1745 373 1812 Ne
395 1744 493 1830 quid
515 1745 555 1808 in
578 1744 673 1809 loeo
689 1765 799 1809 sscro
822 1745 1038 1826 (rolipioso
1060 1748 1217 1827 soooto)
1241 1745 1347 1812 fiae.

160 1875 187 1919 s.
218 1850 256 1916 ln
279 1852 349 1916 loso
372 1872 464 1916 seoro
488 1849 593 1914 fecere
616 1849 689 1913 inve
712 1870 785 1913 eum
807 1849 982 1915 immittere
1005 1849 1082 1932 quid
1105 1848 1195 1914 vet0⁷
1211 1901 1325 1917 .....

250 1957 279 2021 b.
313 1956 362 2022 De
384 1960 512 2020 mortuo
536 1953 712 2019 inferendo.
763 1953 834 2030 Quo
857 1975 960 2037 queve
982 1953 1031 2019 illi
1047 1959 1210 2020 mortuum
1225 1954 1348 2021 inferre

161 2061 264 2126 invito
287 2064 320 2126 te
343 2061 391 2126 ius
414 2064 474 2138 est,
500 2081 564 2145 quo
587 2059 693 2124 minus
716 2059 765 2125 illi
789 2081 826 2124 eo
849 2081 926 2125 esve
940 2064 1103 2125 mortuum
1119 2059 1238 2125 inferre
1254 2064 1287 2125 et
1303 2061 1348 2125 ibi

161 2165 295 2250 sepelire
318 2167 422 2244 lineet,
446 2166 515 2231 vim
538 2165 608 2230 fieri
633 2162 733 2229 veto⁸.

249 2293 274 2335 c.
310 2269 359 2336 De
392 2269 561 2355 sepulchro
595 2269 802 2335 aedificando.
847 2268 918 2345 Quo
945 2267 995 2334 illi
1024 2271 1074 2333 ius
1105 2275 1153 2335 est
1181 2270 1286 2335 insito
1318 2277 1350 2336 te

162 2380 326 2440 mortuum
353 2376 487 2453 inferre,
521 2398 585 2460 quo
613 2374 719 2439 minus
751 2373 800 2439 illi
833 2375 867 2438 in
892 2395 928 2438 eo
959 2373 1028 2438 loeo
1052 2373 1256 2458 sepulchrum
1281 2377 1350 2441 sine

162 2480 235 2543 dolo
260 2479 344 2545 melo
366 2480 535 2545 aedificare
558 2480 663 2558 licent,
688 2479 754 2542 vim
776 2478 848 2543 fieri
870 2478 969 2543 veto⁹.

77 2585 139 2663 ,1:321
249 2586 277 2651 3.
302 2584 357 2650 De
379 2585 484 2651 loeis
506 2591 547 2650 et
569 2584 797 2650 itineribus
821 2581 1045 2668 publicis'⁰.
1070 2580 1121 2648 Ne
1135 2583 1212 2665 quid
1227 2584 1262 2648 in
1280 2583 1348 2650 loco

163 2688 290 2771 publico
314 2689 363 2753 vel
386 2690 501 2754 itinere
524 2688 592 2754 fiat.
640 2711 669 2753 s.
699 2685 750 2752 Ne
773 2687 851 2771 quid
874 2686 908 2751 in
930 2685 1000 2750 loco
1016 2687 1144 2770 publioo
1159 2687 1260 2753 iscius
1276 2689 1351 2753 inve

163 2814 235 2856 eum
256 2793 362 2858 looum
385 2793 551 2871 immittas,
577 2815 641 2876 que
664 2815 703 2858 ex
727 2815 761 2858 re
784 2792 860 2877 quid
883 2791 933 2856 illi
955 2791 1063 2856 damni
1078 2792 1182 2872 detur,
1206 2798 1351 2878 prseter-

164 2919 261 2981 qnem
284 2899 369 2981 quod
384 2897 455 2983 lege
470 2903 600 2963 senatus
616 2897 766 2962 consulto
791 2897 893 2962 edicto
909 2896 1074 2962 decretove
1090 2898 1272 2982 principum
1288 2899 1349 2964 tibi

164 3022 346 3066 eoncessum
369 3007 426 3067 est.
452 3003 491 3068 de
514 3024 560 3082 eo,
584 3003 670 3087 quod
689 3001 814 3067 factum
830 3002 902 3080 erit,
925 3001 1130 3066 interdictum
1146 3004 1349 3070 nondab011.

252 3108 281 3172 b.
317 3105 355 3172 In
378 3108 431 3172 vis
452 3106 580 3193 publius
604 3109 759 3172 itinereve
782 3106 912 3190 publico
934 3104 1040 3171 fecere
1061 3105 1236 3172 immittere
1259 3109 1347 3193 quid,

164 3233 227 3295 quo
251 3234 288 3276 es
311 3214 362 3278 rie
384 3212 457 3278 idve
479 3214 540 3279 iter
563 3214 702 3279 deterius
727 3213 771 3278 sit
792 3212 861 3290 fist,
885 3216 995 3276 veto¹².

251 3338 277 3381 e.
312 3317 403 3392 Quod
426 3319 460 3381 in
484 3318 536 3382 vis
560 3316 689 3401 publica
711 3318 866 3382 itinereve
890 3316 1017 3400 publico
1033 3316 1154 3382 fectum
1170 3318 1350 3383 immissum

163 3420 273 3499 habes,
296 3442 360 3505 quo
383 3443 420 3485 es
443 3422 495 3486 vis
517 3421 590 3487 idve
612 3423 674 3488 iter
698 3422 837 3488 deterius
862 3422 904 3485 sit
927 3420 995 3498 fiet,
1019 3421 1205 3487 restitues¹³.

252 3525 282 3588 d.
318 3524 387 3600 Quo
409 3525 516 3590 minus
545 3526 593 3589 illi
625 3528 677 3591 vis
704 3527 834 3610 publiea
857 3526 1010 3590 itinereve
1033 3524 1161 3608 publico
1184 3526 1231 3591 ire
1254 3547 1351 3611 agere

164 3628 267 3708 liceat,
291 3630 356 3693 vim
379 3629 447 3695 lieri
471 3635 580 3696 vet0¹⁴.

166 3738 408 3835 *Fufius
425 3770 469 3823 so.
484 3769 526 3836 fr.
552 3768 610 3821 Vae.
629 3773 673 3835 oo,
693 3771 741 3823 uu·
757 3769 824 3823 osu
845 3767 894 3838 oo.
914 3767 962 3836 109.
980 3767 1032 3820 roc
1045 3767 1185 3834 foenora:
1205 3767 1295 3834 euos
1313 3767 1348 3822 se

164 3852 207 3908 his
231 3853 310 3910 bonis
338 3853 429 3924 legati
447 3855 567 3911 ’nomine
593 3855 717 3925 possides
741 3856 873 3926 quodque
898 3853 988 3909 uteris
1016 3853 1117 3909 frueris
1135 3851 1265 3924 quodque
1282 3853 1349 3909 dolo

163 3940 240 3996 mslu
256 3940 356 4004 issisti,
375 3941 524 4010 quominus
543 3940 697 4011 possideres
719 3943 839 3998 utereris
858 3939 1007 3997 fruereris?
1044 3940 1082 3995 E.
1102 3940 1134 3995 P.
1152 3945 1168 4006 §
1186 3943 1248 3995 288.
1269 3971 1302 3981 -
1322 3941 1350 4008 2)

169 4027 227 4097 usp.
247 4029 331 4083 instit.
345 4027 387 4096 fr.
410 4027 520 4082 Vindoo.
538 4033 563 4082 4.
584 4060 618 4069 -
637 4031 664 4097 3)
684 4029 769 4084 Rubr.
789 4029 827 4084 D.
840 4033 901 4097 43,4
920 4031 965 4084 iot.
984 4028 1041 4083 eod.
1059 4032 1092 4095 3,·
1109 4031 1249 4096 36,d‚5,27.
1269 4059 1304 4069 -
1321 4029 1349 4095 4)

164 4116 203 4172 D.
220 4118 281 4183 lde
298 4115 372 4170 rubr.
390 4121 415 4168 et
435 4121 449 4169 1
464 4132 508 4183 pr.
528 4118 606 4179 -5)
626 4117 689 4171 Gai.
704 4119 849 4181 4,145.146.
871 4146 904 4157 —
923 4117 949 4185 6)
965 4114 1050 4170 Butr.
1070 4117 1107 4169 D.
1120 4119 1190 4183 43,6.
1209 4145 1245 4157 -
1263 4118 1290 4184 'll
1311 4115 1352 4170 D.

162 4206 248 4270 43,6,1
262 4221 306 4272 pr.
334 4233 368 4244 -
395 4203 423 4274 8)
442 4204 480 4258 D.
499 4207 557 4267 11‚8
573 4205 646 4258 rubr.
666 4211 690 4257 et
710 4210 723 4258 1
741 4221 784 4273 pr.
811 4234 844 4244 -
862 4205 890 4273 9)
910 4204 946 4256 D.
966 4206 1025 4270 11,s
1042 4205 1118 4258 mbr.
1136 4211 1161 4258 ot
1179 4207 1231 4266 1,5.
1251 4234 1285 4244 -
1305 4205 1350 4272 10)

165 4292 249 4347 soor.
270 4291 307 4346 o.
325 4295 394 4346 reo.
419 4321 453 4331 -
481 4293 523 4360 ιι)
541 4291 579 4345 o.
598 4296 688 4358 seeo
703 4310 749 4361 pr.
773 4323 801 4332 -
823 4291 866 4361 12)
885 4291 960 4346 roro.
975 4294 1051 4357 2‚2o.
1071 4319 1104 4330 -
1126 4291 1169 4359 rs)
1188 4289 1260 4345 roso.
1279 4293 1350 4356 soe

165 4410 198 4420 -
221 4381 262 4449 14)
282 4380 352 4434 rou.
371 4383 442 4446 elo.
