2992 5040
155 302 176 362 4
639 297 727 369 Leges
750 299 852 369 regiae.

156 512 196 522 -
221 476 254 538 ὃν
278 475 372 548 αὐτὸς
396 472 545 559 ἐβούλετο
568 472 671 557 νέμειν
695 477 889 561 προστάτην,
911 515 955 526 -
971 481 1165 563 πατρωνείαν
1181 482 1342 566 ὀνομάσας

153 583 209 664 τὴν
232 578 435 662 προστασίαν.

245 688 275 752 2.
299 685 398 750 Dion.
422 684 557 766 (2,1οι)1
591 683 650 748 Ἥν
673 686 770 749 δὲτὰ
794 686 846 750 ὑπ’
868 688 989 752 ἐκείνου
1011 690 1083 752 τύτε
1106 689 1272 772 ὁρισθέντα
1295 728 1338 740 -

155 795 215 878 ἔθη
244 793 315 873 περί
341 792 397 863 τὰς
428 789 622 870 πατρωνείας
651 791 773 855 τοιάδε·
806 796 880 869 τοὺς
905 796 960 876 μὲν
983 796 1165 879 πατρικίους
1189 798 1251 861 ἔδει
1273 806 1339 872 τοῖς

155 899 275 963 ἑαυτῶν
296 895 446 968 πελάταις
471 893 655 978 ἐξηγεῖσθαι
677 900 717 959 τὰ
740 897 859 980 δίκαια,
883 935 926 946 -
950 899 1040 974 δίκας
1062 922 1096 964 τε
1111 901 1190 984 ὑπερ
1205 911 1268 965 τῶν
1283 923 1338 964 πε·

155 1003 259 1067 λαιῶν
285 998 498 1083 ἀδικουμένων
522 999 692 1083 λαγχάνειν
715 1039 758 1049 -
782 1004 837 1066 καί
855 1014 920 1079 τοῖς
936 1004 1124 1088 ἐγκαλοῦσιν
1140 1005 1267 1090 ὑπέχειν
1283 1044 1338 1071 -.

155 1112 228 1182 τοὺς
251 1107 285 1169 δέ
307 1104 446 1179 πελάτας
470 1104 533 1167 ἔδει
557 1114 621 1180 τοῖς
645 1105 769 1172 ἑαυτῶν
792 1109 983 1190 προστάταις
1005 1110 1184 1194 θυγατέρας
1207 1132 1241 1174 τε
1264 1133 1338 1174 συν-

155 1211 338 1279 εκδίδοσθαι
367 1208 585 1292 γαμουμένας,
616 1211 643 1273 εί
666 1212 842 1289 σπανίζοιεν
871 1213 898 1276 ol
921 1213 1054 1298 πατέρες
1077 1216 1257 1299 χρημάτων,
1281 1217 1337 1279 καί

156 1318 255 1400 λύτρα
277 1312 489 1400 καταβάλλειν
512 1312 681 1397 πολεμίοις,
705 1318 735 1378 εί
754 1337 800 1391 τις
823 1319 926 1382 αὐτῶν
948 1321 969 1402 ἡ
991 1319 1111 1384 παίδων
1134 1320 1336 1405 αἰχμάλωτος

154 1423 290 1507 γένοιτο·
314 1419 405 1493 δίκας
427 1439 461 1480 τε
485 1417 623 1482 ἁλόντων
647 1420 724 1495 ίδίας
747 1423 768 1506 ἡ
792 1423 905 1507 ζημίας
929 1423 1089 1506 ὀφλόντων
1112 1426 1264 1510 δημοσίας
1279 1426 1339 1508 ἀρ-

154 1529 284 1614 γυρικδν
308 1525 442 1609 ἐχούσας
465 1525 582 1607 τίμημα
606 1525 721 1590 ἐκτῶν
739 1527 822 1590 ἰδίων
840 1527 976 1592 λύεσθαι
990 1531 1161 1615 χρημάτων
1175 1567 1228 1594 -.
1244 1538 1336 1614 κοινῇ

157 1631 185 1696 δ’
207 1629 394 1716 ἀμφοτέροις
423 1630 494 1690 οὔτε
523 1630 607 1691 ὅσιον
632 1632 703 1693 οὔτε
727 1631 819 1715 θέμις
843 1634 881 1716 ip
904 1645 1092 1718 κατηγορεῖν
1116 1635 1264 1719 ἀλλήλων
1287 1635 1339 1698 ἐπί

156 1738 246 1812 δίκας
269 1738 289 1821 ἢ
312 1743 565 1818 καταμαρτυρεῖν
588 1736 609 1818 ἡ
635 1735 743 1819 ψῆφον
767 1738 906 1800 ἐναντίαν
930 1739 1084 1822 ἐπιφέρειν
1107 1778 1158 1805 -.
1191 1741 1218 1804 εί
1241 1739 1276 1803 δέ
1291 1761 1338 1814 τις

156 1839 359 1925 ἐξελεγχθείη
389 1839 507 1902 τούτων
538 1859 566 1901 τι
596 1840 878 1925 διαπραττόμενος,
908 1845 1018 1928 ἔνοχος
1044 1847 1083 1930 ην
1106 1855 1149 1930 τῷ
1171 1846 1257 1929 νύμῳ
1280 1855 1338 1929 τῆς

155 1946 334 2030 προδοσίας,
358 1945 392 2007 ὃν
416 1943 575 2026 ἐκύρωσεν
600 1944 617 2006 δ
640 1943 812 2028 Ῥωμύλος,
836 1949 889 2010 τδν
911 1947 945 2011 δέ
962 1949 1080 2012 ἁλόντα
1094 1959 1138 2035 τῷ
1155 1949 1341 2035 βουλομένῳ

156 2051 287 2115 κτείνειν
311 2053 394 2112 ὅσιον
417 2050 455 2134 ip
479 2048 521 2122 ὡς
546 2049 635 2134 θύμα
658 2061 713 2113 τού
737 2052 953 2135 καταχθονίου
976 2053 1084 2130 Διύς.2

244 2157 274 2222 3.
307 2154 407 2219 Dion.
432 2154 624 2239 ί2,12.14);3
655 2154 692 2220 Ὁ
717 2157 751 2220 δὲ
774 2156 935 2241 Ῥωμύλος
959 2159 1066 2244 ἐπειδὴ
1089 2169 1188 2223 ταῦτα
1211 2160 1337 2223 διεκύσ-

156 2294 364 2303 ——--—

228 2351 255 2423 1)
273 2349 474 2417 (constitutum
495 2352 565 2404 tunc
584 2352 628 2404 est
647 2349 685 2404 eb
705 2349 756 2406 illo
774 2350 818 2405 ius
835 2355 1004 2421 patronatus
1019 2351 1091 2406 tole:
1111 2350 1245 2420 patricios
1257 2368 1338 2421 opor·

155 2440 236 2495 tebet
254 2437 404 2493 clientibus
422 2437 479 2490 suis
497 2436 541 2489 ius
562 2436 756 2506 interpretari,
775 2437 840 2492 lites
859 2457 909 2509 pro
927 2440 974 2503 eis,
992 2440 1016 2493 si
1034 2439 1138 2493 iniuria
1150 2438 1341 2501 allicerentur,

155 2525 308 2588 intendere,
331 2523 481 2592 agentibus
501 2523 616 2586 adesum
637 2523 754 2578 clientes
775 2542 840 2581 vero
853 2527 1001 2596 oportebat
1018 2528 1151 2596 patronos
1163 2542 1227 2580 suos
1239 2525 1338 2579 iuvere

154 2615 183 2668 in
203 2611 372 2669 collocandis
390 2609 513 2673 filiabus,
534 2610 557 2663 si
576 2613 712 2680 parentes
730 2610 830 2681 opibus
849 2617 985 2680 carerent,
1005 2612 1042 2667 ab
1057 2610 1183 2667 hostibus
1201 2610 1342 2665 redimere

155 2719 201 2758 eos
220 2699 243 2754 si
261 2698 315 2769 ipsi
335 2701 385 2753 aut
403 2697 485 2752 liberi
504 2699 579 2767 cepti
600 2702 701 2763 essent,
720 2702 749 2753 et
763 2702 823 2753 tom
837 2699 1000 2756 iudiciorum
1015 2699 1190 2769 privatorum
1203 2697 1338 2752 aestima·

155 2789 244 2844 tiones
256 2802 341 2856 quem
360 2784 488 2852 publicas
506 2785 625 2851 multus,
644 2785 667 2839 si
687 2787 868 2841 condemnati
886 2790 985 2851 essent,
1007 2805 1057 2857 pro
1072 2786 1111 2841 eis
1123 2785 1237 2841 solvere.
1257 2784 1337 2840 Com·

155 2875 279 2930 munitor
297 2876 393 2928 eutem
412 2872 537 2941 utrisque
564 2871 607 2926 ius
626 2872 726 2943 fasque
752 2892 808 2930 non
828 2877 889 2929 erat
908 2874 1028 2930 invicem
1047 2890 1075 2928 so
1094 2888 1231 2936 eocusure,
1258 2871 1340 2927 testi·

155 2962 279 3019 monium
298 2959 446 3014 adversum
465 2958 590 3013 alterum
612 2959 702 3015 dicere
722 2961 767 3015 vel
785 2961 951 3031 suffragium
970 2965 1069 3017 contre
1081 2976 1144 3015 eum
1156 2959 1239 3016 serre.
1257 2957 1336 3024 Quod

155 3049 178 3104 si
198 3049 259 3119 quis
277 3046 413 3102 eiusmodi
431 3045 548 3102 alieuius
570 3047 707 3104 iocinoris
726 3050 870 3104 convictus
882 3051 961 3114 esset,
980 3047 1148 3119 proditionis
1160 3046 1231 3115 lege,
1249 3061 1338 3114 quam

154 3133 1334 3206 Romulussenxeret‚obnoriusluitcondemnetumqueinterficereutllitisacrum,

154 3223 269 3280 cuilibet
288 3223 415 3292 licebat.)
440 3222 482 3292 Cf.
503 3224 579 3277 Plut.
600 3223 679 3278 Rom.
692 3229 731 3280 13.
751 3253 787 3263 —
804 3226 832 3294 2)
856 3225 936 3279 Vetus
952 3231 991 3279 est
1008 3225 1171 3293 disceptatio,
1189 3228 1281 3276 utrum
1299 3228 1338 3288 τῷ

154 3318 224 3380 νόμῳ
242 3319 289 3380 τῆς
308 3316 448 3378 προδοσίας
464 3312 599 3380 ueneratio
619 3312 651 3365 de
659 3312 814 3380 proditione
832 3313 875 3367 lea
890 3315 926 3367 sit
937 3313 1120 3383 intellepeuda,
1138 3327 1192 3380 pria
1203 3315 1341 3379 patronus-

155 3418 257 3470 quoque
280 3401 413 3454 obnoxius
436 3400 497 3466 ficii
515 3402 649 3468 potuerit,
677 3418 714 3454 aa
737 3401 863 3469 epemalio
886 3402 918 3454 de
936 3402 1050 3470 patroni
1072 3399 1199 3453 aduersus
1217 3397 1338 3451 clientem

149 3488 260 3557 fraude.
297 3486 375 3540 iilud
395 3493 457 3556 post
476 3487 544 3540 alios
562 3487 680 3555 defundit
699 3487 784 3542 Diocle
809 3488 1081 3556 (Vereuehep.15),
1108 3487 1221 3540 ultonem
1238 3485 1338 3538 rectius

157 3576 268 3629 Kistiiu
287 3575 452 3643 Qierducllio,
468 3592 496 3644 p.
508 3577 616 3643 21-7).
653 3574 777 3628 Eandem
796 3593 850 3630 esse
867 3577 955 3644 lepem,
974 3590 1055 3642 quam
1074 3572 1141 3626 XII
1150 3571 1259 3627 uiuus
1275 3573 1336 3636 &21

155 3663 285 3725 exhibent,
310 3663 449 3730 repetitam
465 3662 565 3716 seilicet
586 3679 600 3716 ε
618 3662 732 3716 Romuli
749 3663 859 3732 leuibus,
885 3664 943 3716 ueri
960 3663 1108 3715 similitu.
1148 3659 1189 3727 Cs.
1208 3657 1337 3724 Duum,

156 3751 203 3820 ίιρ.
221 3767 273 3820 rep.
292 3753 355 3804 286.
391 3749 558 3816 Momoueu,
584 3749 777 3819 Forseliuupeu
799 3753 874 3817 1‚384
899 3768 926 3805 u.
944 3752 986 3804 52.
1005 3774 1041 3786 -
1063 3748 1092 3815 3)
1109 3744 1255 3814 (Romulus
1273 3761 1338 3798 cum

155 3839 224 3892 haec
242 3835 441 3903 constituisset,
461 3836 633 3892 consultores
652 3835 803 3890 instituere
824 3836 956 3900 decreuit,
974 3833 1138 3904 quibuscum
1154 3847 1197 3886 res
1209 3829 1341 3900 publicus

155 3925 375 3989 administraret,
394 3923 548 3994 epatriciis
566 3923 677 3980 cviros
696 3922 812 3992 eligens.
845 3923 897 3976 His
916 3921 1076 3979 constitutis
1094 3918 1241 3973 distribuit
1258 3921 1337 3987 pote·

154 4015 258 4080 states,
281 4028 351 4083 quas
369 4029 595 4082 unumquemque
620 4011 724 4066 hebere
745 4011 868 4066 volebat.
905 4013 945 4065 Ae
963 4009 1023 4079 regi
1041 4007 1153 4078 quidem
1172 4007 1274 4061 haecce
1293 4009 1340 4059 et·

155 4100 258 4156 tribuit
275 4101 352 4155 iura:
376 4101 497 4170 primum
525 4103 557 4154 ut
577 4116 720 4155 sacrorum
739 4102 768 4154 et
786 4098 983 4153 sacrificiorum
1002 4096 1120 4151 haberet
1138 4093 1337 4165 principatum,

154 4192 217 4244 tum
235 4192 267 4243 nt
277 4189 371 4258 logum
381 4203 545 4257 morumque
553 4187 714 4257 patriorum
724 4189 797 4241 esset
813 4188 912 4250 custos,
931 4183 1151 4256 degrevioribus
1159 4180 1270 4237 delictis
1278 4182 1343 4251 ipse·

154 4277 341 4346 cognosceret,
360 4272 468 4330 leviore
481 4272 658 4329 senatoribus
675 4272 871 4337 committeret,
890 4276 1018 4328 sonetum
1036 4272 1147 4342 cogeret
1158 4271 1187 4323 et
1201 4269 1339 4339 populum

154 4364 320 4419 convocaret
338 4363 367 4417 et
384 4361 413 4415 in
432 4361 505 4417 bello
524 4379 664 4416 summum
689 4360 809 4416 haberet
821 4360 977 4431 imperium.
1004 4357 1125 4415 Consilio
1137 4359 1251 4412 senatus
1264 4355 1337 4410 hanc
