2992 5040
640 331 859 400 Agrimensores.
1305 327 1346 394 89

159 534 260 595 genus
283 513 527 585 subsicivornm,
552 510 636 594 quod
661 511 694 573 in
721 510 832 573 mediis
856 507 1134 591 adsignationibus
1157 512 1190 571 et
1210 507 1346 590 integris

159 617 312 682 centuriis
335 617 519 681 intervenit.

615 790 761 846 frontluus
781 787 852 844 liber
871 788 898 842 11.

247 914 356 979 Prima
381 951 421 961 —
444 915 588 980 condicio
607 914 786 999 possidendi
810 914 888 977 baec
910 917 959 975 est
982 912 1035 974 ac'
1061 932 1118 995 per
1135 910 1272 985 Italiam.
1290 913 1346 976 ubi
1356 923 1399 976 35.

159 1022 267 1085 nullus
290 1042 367 1102 ager
390 1021 456 1083 est²
480 1021 687 1095 tributarius,
720 1020 774 1083 sed
798 1024 855 1081 aut
877 1017 1039 1081 colonicus
1063 1023 1120 1081 aut
1144 1016 1346 1100 municipalis

160 1131 216 1189 aut
239 1127 372 1189 alicuius
395 1125 520 1189 castelli
546 1131 603 1190 aut
625 1124 831 1189 conciliabuli
855 1128 911 1187 aut
934 1122 1034 1186 saltus
1057 1121 1185 1204 privati.
1233 1122 1294 1185 At⁸
1319 1123 1346 1186 si

159 1233 196 1294 ad
222 1231 400 1314 provincias
418 1230 636 1312 respiciamus,
658 1229 779 1293 habent
795 1250 891 1313 agros
907 1227 1066 1291 colonicos
1083 1227 1239 1290 eiusdem⁴
1256 1229 1346 1304 iuris,

160 1337 280 1400 babent
302 1341 334 1400 et
357 1335 516 1398 colonicos
541 1335 596 1419 qui
613 1340 691 1398 sunt
707 1332 883 1408 inmunes⁶,
907 1332 1029 1395 babent
1044 1337 1077 1395 et
1091 1330 1268 1396 colonicos⁶
1285 1334 1345 1397 sti·

159 1440 355 1523 pendiarios:
391 1437 511 1503 babent
542 1446 649 1503 autem
677 1439 861 1522 provinciae
884 1443 916 1502 et
939 1437 1147 1520 municipales
1171 1459 1266 1523 agros
1290 1440 1347 1501 aut

159 1545 338 1608 civitatium
362 1545 616 1626 peregrinarum.

245 1649 290 1711 Et
312 1649 629 1731 stipendiarios
655 1649 797 1728 [quidem
815 1648 953 1710 dicimus
977 1647 1026 1710 cel
1043 1645 1265 1727 tributariosll
1290 1647 1399 1730 quies.

159 1776 274 1816 nexum
304 1775 365 1816 non
391 1751 513 1817 babent
536 1775 638 1836 neque
662 1750 873 1834 possidendo⁸
902 1753 943 1815 ab
967 1750 1031 1814 alio
1057 1751 1167 1834 quaeri
1192 1757 1343 1832 possunt:

160 1858 375 1939 possidentur⁹
401 1864 508 1921 tamen
533 1880 550 1920 a
575 1857 718 1940 privatis,
742 1857 794 1920 sed
813 1856 877 1919 alia
893 1855 1122 1932 condicione¹⁰‚
1147 1860 1180 1919 et
1197 1861 1344 1934 veneunt,

158 1963 209 2025 sed
234 1984 291 2026 nec
313 1963 509 2045 mancipatio
533 1984 642 2026 eorum
669 1962 814 2046 legitima
837 1965 944 2044 potest
967 1981 1052 2035 essc;
1076 1960 1237 2042 possidere
1260 1961 1345 2024 enim

160 2065 223 2129 illis
247 2067 338 2150 quasi
363 2068 490 2130 fructus
514 2067 648 2130 tollendi
664 2088 760 2130 causa
783 2071 815 2129 et
830 2065 1014 2148 praestandi
1031 2066 1145 2129 tributi
1162 2065 1346 2129 condicione

159 2176 387 2235 concessum¹¹
427 2178 484 2235 est.
534 2171 708 2236 Vindicant
737 2176 844 2235 tamen
875 2173 959 2233 inter
990 2193 1023 2234 se
1051 2192 1114 2234 uon
1137 2172 1243 2235 minus
1267 2170 1346 2235 fines

160 2298 332 2359 exaequo,
362 2300 398 2340 ac
421 2277 449 2340 si
472 2279 673 2361 privatorum
697 2299 864 2361 agrorum
889 2313 920 2322 —
957 2299 1030 2339 nam
1055 2282 1087 2340 et
1110 2276 1345 2340 controversias

158 2380 240 2445 inter
272 2404 305 2445 sc
328 2382 408 2445 tales
432 2387 582 2459 movent,
616 2382 727 2465 quales
757 2383 790 2444 iu
814 2383 902 2465 agris
934 2381 1121 2444 inmunibus
1153 2387 1186 2444 et
1209 2382 1346 2464 privatis

157 2486 260 2548 solent
289 2486 422 2550 evenire.
469 2484 657 2550 Videbimus
689 2490 812 2562 tamen,
848 2509 889 2549 au
918 2487 1105 2550 interdicere
1137 2486 1208 2570 quis
1244 2487 1346 2569 possit

158 2591 194 2653 de
217 2589 373 2655 eiusmodi
399 2594 649 2674 possessioue¹‘·’¹
676 2629 717 2637 -—

684 2783 814 2851 Hymnus.

243 2903 589 2990 Occupatorius
614 2931 692 2992 ager
715 2907 833 2970 dicitur
857 2930 911 2984 eo,
945 2909 1030 2992 quod
1056 2912 1228 2991 occupatus
1251 2910 1300 2968 est
1325 2915 1414 2969 a115.

158 3009 277 3073 victore
299 3012 428 3095 populo,
455 3015 577 3076 territis
601 3014 715 3077 exinde
739 3014 926 3096 fugatisque
950 3013 1157 3085 hostibus¹³;
1182 3060 1241 3078 ...
1266 3010 1343 3093 quia

157 3135 218 3178 non
249 3117 352 3180 solum
381 3121 508 3182 tantum
539 3118 718 3201 occupabat
749 3139 832 3180 uuus
866 3119 1017 3201 quisque,
1051 3122 1208 3201 quantum
1241 3117 1344 3180 colere

156 3221 314 3300 praesenti
338 3226 481 3304 tempore
505 3228 642 3306 poterat,
667 3223 721 3286 scd
746 3228 903 3306 quantum
928 3224 958 3286 in
977 3245 1063 3306 spem
1081 3222 1205 3286 colendi
1223 3221 1343 3286 babue-

156 3330 206 3387 rat
228 3325 404 3388 ambiebat¹
417 3330 442 3387 ⁴.

159 3461 361 3469 -α-η-...ι-

225 3533 251 3599 1)
271 3538 303 3585 ut
317 3535 462 3601 proposuit
483 3533 593 3587 Loclim.
614 3564 648 3572 -
668 3535 697 3602 2)
717 3549 785 3603 ager
804 3535 860 3604 est]
880 3535 1027 3602 alugerum
1047 3535 1111 3588 Arc.
1132 3566 1165 3574 —
1181 3538 1210 3602 3)
1228 3552 1261 3591 ac
1277 3535 1343 3608 Arc⁴

155 3649 184 3658 -
205 3621 235 3686 4)
253 3617 388 3688 eiusdem]
412 3619 525 3688 quidem
546 3623 609 3674 Arc.
631 3652 660 3660 —
683 3623 709 3688 b)
728 3624 768 3675 sic
788 3622 916 3692 Rudorffi
936 3621 1073 3677 colonicos
1092 3622 1270 3692 stipendiarii
1292 3624 1341 3693 qui

153 3709 266 3760 suntin
286 3724 460 3762 communem
477 3713 539 3763 Arc.
565 3739 592 3747 -
612 3712 640 3777 6)
659 3709 813 3764 habentem
832 3713 862 3762 ct
880 3709 987 3764 colonis
1003 3711 1065 3764 Arc.
1088 3739 1116 3748 -
1139 3711 1166 3776 7)
1183 3711 1298 3779 quidem
1314 3710 1341 3765 d.

155 3809 180 3845 u,
199 3797 234 3848 tr.
254 3810 304 3847 oro.
324 3796 388 3848 Arc.
414 3824 446 3834 —-
473 3796 500 3863 8)
519 3796 678 3864 possidendi
699 3797 764 3852 Arc,
797 3827 830 3836 -
849 3797 878 3863 9)
897 3799 996 3865 quaeri
1016 3798 1134 3865 possunt
1151 3797 1342 3868 possidentur]

154 3899 236 3949 quam
258 3883 401 3951 possident
420 3883 580 3951 possidente
601 3887 665 3938 Arc.
686 3915 720 3923 —
741 3886 786 3947 10)
807 3882 999 3938 condicionem
1016 3886 1080 3938 Arc.
1102 3915 1133 3924 -
1156 3888 1198 3952 ll)
1216 3885 1343 3941 condicio

153 3985 281 4024 concessa
295 3972 357 4024 Arc.
383 4000 406 4009 -
436 3970 691 4038 immansionem
707 3975 771 4026 Arc.
788 4000 816 4010 —
836 3973 880 4034 13)
895 3970 979 4025 Sicut.
994 3975 1084 4036 138,3:
1102 3971 1284 4041 Occupatorii
1297 4002 1342 4036 -‚

154 4055 254 4124 quibus
280 4058 357 4125 agris
386 4057 475 4113 victor
494 4059 615 4127 populus
633 4059 796 4128 occupando
816 4075 916 4113 nomen
936 4058 1029 4120 dedit;
1057 4058 1138 4113 bellis
1158 4060 1232 4114 enirn
1253 4060 1340 4128 gestis

157 4143 272 4198 victores
291 4145 387 4213 populi
408 4149 499 4198 terras
517 4161 621 4207 omncs,
642 4145 791 4213 exquibus
811 4145 899 4199 victos
912 4144 1061 4206 eiecerunt,
1080 4146 1262 4214 publicavere
1282 4149 1344 4215 (pu-

152 4230 242 4285 blicae
261 4238 358 4286 autern
376 4235 462 4299 Arc),
491 4237 576 4301 atque
595 4232 796 4286 universaliter
815 4231 990 4287 territorium
1010 4231 1153 4295 dixerunt,
1173 4233 1253 4286 intra
1272 4250 1341 4302 quos

153 4318 221 4373 fines
240 4318 309 4372 iuris
328 4318 440 4373 dicendi
459 4319 502 4374 ius
522 4324 594 4374 esset
612 4321 663 4390 [sic
681 4323 779 4388 scripsi
796 4320 846 4372 Tra
862 4320 905 4382 M..
931 4321 973 4373 lus
992 4322 1036 4373 est
1055 4319 1165 4374 dicendi
1186 4321 1229 4374 uti
1248 4325 1342 4375 emant

152 4408 227 4474 Arc„
245 4407 288 4460 ius
308 4407 418 4462 dicendi
438 4411 510 4462 esset
530 4409 631 4476 Garis..
653 4409 695 4461 ius
715 4408 757 4461 ius
775 4408 886 4463 dicandi
904 4411 979 4463 esset
996 4407 1113 4476 Brutis}
1140 4438 1171 4447 —
1194 4406 1237 4477 14)
1256 4407 1341 4463 Sicul.
