2992 5040
545 329 647 385 Edicta
665 333 835 400 praetorum.
1214 336 1279 402 209

103 510 154 586 rei,
178 508 217 573 de
241 531 305 593 qua
328 506 549 571 iusiurandum
573 506 714 572 delatum
737 506 862 585 faerit¹,
886 530 988 593 neqne
1009 509 1043 572 in
1058 511 1161 594 ipsum
1178 533 1280 596 neque

102 615 131 678 in
157 636 230 679 eum
257 613 296 676 ad
321 631 415 696 quem
439 632 476 674 ea
498 632 548 675 res
571 610 711 696 pertinet
733 611 890 676 actionem
912 610 1011 677 dabo¹
1028 662 1136 681 .....

186 719 216 785 3.
255 717 388 800 Quomodo
411 735 481 779 oum
500 717 749 798 praescriptione
770 738 861 799 o9ere
883 718 1046 798 oportoot⁸.

185 826 216 887 4.
254 822 303 886 De
326 819 495 885 noxalibus
518 820 713 885 actionibus*
731 868 867 885 ......
902 821 935 886 Si
957 823 994 901 ie,
1017 824 1051 887 in
1077 826 1166 889 ouius
1188 831 1279 909 pote-

104 935 182 994 state
205 951 273 994 eane
296 928 434 1006 dicetur,
466 926 599 1011 negabit
621 949 655 990 se
678 927 710 990 in
734 948 792 990 aua
813 929 972 1010 potestate
993 949 1119 993 servum
1142 928 1279 996 habere:

105 1039 208 1098 utrum
241 1037 331 1098 actor
360 1031 463 1109 volet,
495 1030 546 1095 vel
574 1030 717 1095 deierare
745 1031 861 1095 iubebo
890 1032 922 1094 in
954 1054 1012 1096 aua
1033 1037 1191 1116 potestate
1213 1056 1277 1100 non

103 1160 162 1203 esee
188 1160 292 1223 neque
313 1160 346 1202 ee
369 1137 443 1201 dolo
465 1136 551 1200 malo
574 1135 701 1212 fecisse,
725 1157 788 1219 quo
810 1135 917 1199 minua
938 1141 1030 1216 esset,
1053 1138 1103 1202 val
1125 1131 1277 1205 indicium

102 1243 176 1308 dabo
199 1244 269 1308 sine
290 1265 393 1307 noxae
414 1240 600 1306 deditione⁶.

184 1350 213 1412 5.
249 1347 298 1412 De
327 1343 574 1411 vacationibua⁶.
621 1343 655 1410 Si
678 1344 771 1409 iudex
794 1344 884 1409 litem
905 1367 995 1410 suam
1017 1346 1156 1413 feeerit⁷.

181 1449 269 1516 xlv.
304 1450 363 1516 De
385 1451 449 1515 bia
472 1472 574 1533 qaae
596 1452 790 1531 deciusque
818 1452 862 1513 tm
886 1452 1124 1518 benissent.
1172 1457 1200 1518 1.
1229 1455 1277 1520 De
1295 1456 1359 1538 ἓξὲξ

105 1554 285 1622 Publiciana
307 1557 340 1620 in
363 1579 430 1621 rem
454 1556 587 1620 actione.
634 1553 667 1620 Si
690 1554 762 1640 quie
784 1554 828 1634 id,
857 1555 943 1639 qnod
971 1558 1110 1622 traditur
1131 1580 1170 1623 ex
1192 1561 1276 1625 insta

101 1681 188 1724 causa
219 1682 283 1724 non
314 1683 333 1723 a
363 1659 491 1724 domino
525 1663 558 1723 et
589 1659 731 1723 nondum
766 1662 956 1742 usucaptum
988 1664 1089 1744 petet,
1125 1663 1275 1728 iudicium

102 1763 201 1829 dabo⁸.

180 1873 211 1935 2.
246 1871 295 1936 De
317 1870 367 1934 hia
400 1870 454 1952 qni
478 1869 649 1934 deiecerint
671 1870 722 1934 vel
744 1869 923 1935 effuderint.
970 1892 997 1933 a.
1028 1869 1122 1935 Unde
1144 1871 1177 1934 in
1201 1893 1272 1935 enm
1286 1875 1357 1958 ”5333

101 1973 214 2054 locum,
248 1997 312 2059 quo
342 1972 439 2058 volgo
468 1975 529 2038 iter
560 1974 615 2038 fiet
644 1973 695 2038 vel
723 1975 757 2038 in
785 1996 849 2059 quo
880 1976 1086 2052 consistant,
1120 1976 1274 2040 deiectum

101 2081 142 2144 vel
164 2081 300 2145 effusum
324 2079 401 2163 qnid
424 2077 494 2156 erit,
529 2083 685 2162 quantum
709 2101 747 2143 ex
773 2101 811 2143 ea
836 2101 871 2144 re
896 2078 1049 2144 damnum
1075 2080 1185 2144 datum
1207 2080 1275 2144 fac·

101 2190 199 2250 tumve
222 2183 299 2262 erit,
333 2183 367 2246 in
399 2204 487 2263 eum,
517 2182 574 2266 qni
596 2182 643 2246 ibi
666 2182 872 2261 habitaverit,
903 2184 936 2246 in
960 2183 1091 2268 duplum
1122 2185 1274 2250 iudicium

102 2289 184 2354 dabo.
232 2287 266 2353 Si
290 2311 327 2352 eo
356 2287 421 2352 ictu
451 2287 547 2352 homo
571 2287 652 2352 liber
675 2288 794 2372 perisse
817 2288 952 2367 dicetur,
976 2292 1158 2354 ‘sestertium
1180 2289 1274 2374 quin-

100 2395 251 2479 quaginta
281 2394 406 2457 miliom
427 2392 645 2456 aaeumamormm⁹
670 2393 823 2456 iudicium
846 2393 937 2457 dabo.
962 2395 989 2458 si
1007 2395 1092 2459 vivet
1113 2395 1273 2460 nocitum·

100 2522 152 2583 que
176 2501 205 2565 ei
229 2521 297 2564 ease
319 2499 451 2576 dicetur,
481 2502 637 2583 quantum
661 2498 702 2562 ob
726 2521 795 2562 eam
818 2521 884 2564 rem
906 2520 1042 2581 aequum
1065 2499 1162 2563 iudici
1185 2500 1272 2564 vide·

98 2602 178 2668 bitur
209 2626 282 2668 eum
311 2625 383 2668 cum
412 2625 476 2687 qno
504 2607 618 2688 agetur
649 2604 867 2681 condemnari,
897 2603 981 2667 tanti
1003 2603 1156 2668 iudicium
1178 2603 1271 2668 dabo.

98 2708 120 2771 si
150 2729 261 2774 servus
290 2707 445 2773 insciente
468 2706 598 2771 domino
619 2707 732 2772 fecisse
755 2709 893 2786 dicetur,
927 2709 961 2772 in
983 2708 1100 2774 iudicio
1123 2709 1270 2774 adiciam:

97 2818 146 2876 aut
168 2813 305 2878 noxae¹⁰
328 2811 485 2878 dedere¹¹.

176 2919 206 2982 b.
241 2917 292 2982 Ne
314 2918 386 3003 quis
408 2918 443 2982 in
466 2917 655 3001 suggrunda
678 2920 864 3000 protectove
885 2939 984 3000 supra
1000 2939 1072 2982 eum
1088 2918 1192 2982 looum
1208 2940 1271 3002 qno

96 3021 186 3107 volgo
217 3024 280 3088 iter
313 3025 369 3088 fiet
400 3024 473 3087 inve
497 3044 560 3106 quo
583 3022 775 3087 consistetur
798 3021 830 3085 id
853 3022 993 3105 positum
1016 3021 1151 3100 habeat,
1182 3023 1271 3086 ouius

160 3249 187 3316 1)
206 3248 242 3304 de
259 3265 316 3318 qua
423 3246 522 3317 fuerit]
540 3247 616 3301 tmad
631 3248 689 3301 aine
706 3249 813 3301 ratione
826 3251 950 3317 praetori
968 3249 1033 3302 liaeo
1050 3248 1188 3303 adiudicat
1200 3248 1270 3303 Gra·

93 3337 209 3403 demta,
228 3335 315 3390 ZRG.
332 3339 375 3402 21,
390 3353 420 3411 p.
439 3338 498 3387 275.
528 3363 554 3374 -
582 3336 609 3400 2)
627 3334 665 3387 D.
684 3339 773 3401 12723
787 3353 841 3404 pm,
860 3341 935 3405 7pr.
973 3336 1140 3405 Semoebotur
1157 3336 1271 3392 edietum

92 3423 123 3477 de
139 3426 261 3487 actione,
285 3439 353 3491 qaae
370 3439 404 3476 ex
421 3438 504 3476 cauea
521 3422 703 3477 immaarandt
720 3423 942 3477 accommodatur.
979 3422 1016 3477 D.
1035 3427 1153 3490 12,2,9,1.
1180 3454 1217 3465 -
1242 3425 1270 3493 3)

92 3510 132 3578 ef.
150 3511 187 3567 a.
207 3510 241 3566 P.
259 3515 275 3576 a
293 3512 375 3565 5⁵5⁶.
400 3541 431 3550 -
460 3511 488 3580 4)
508 3510 593 3563 Ruta
613 3509 650 3562 D.
670 3513 719 3570 oa.
749 3509 1269 3582 -5)D.9‚4a1.2.-o)1>.5o‚o‚

90 3602 139 3666 135
161 3601 249 3667 ωε
271 3615 328 3668 pe,
356 3597 408 3653 om
427 3598 509 3652 Bae.
527 3615 548 3652 c.
567 3601 601 3651 31
623 3600 712 3663 §aa
740 3627 775 3634 -
804 3597 832 3665 τ)
857 3598 894 3651 1).
915 3601 1043 3665 annaeo.
1079 3599 1115 3654 Ε.
1136 3599 1167 3653 Ρ.
1193 3602 1270 3665 §aa

89 3714 123 3725 -
150 3682 180 3756 8)
208 3684 247 3739 D.
267 3689 337 3753 6721
366 3703 408 3754 pr.
444 3685 499 3739 Sed
520 3686 585 3739 boec
607 3700 662 3737 mom
690 3700 744 3738 ease
760 3686 879 3752 omuino
904 3688 1038 3753 praecoma
1060 3687 1140 3741 verbo
1156 3687 1271 3742 ostenae

88 3773 185 3839 Leuat,
220 3773 306 3827 Bettr.
325 3789 347 3826 a.
367 3773 403 3826 K.
423 3773 449 3825 d.
465 3777 537 3841 prdt.
557 3772 610 3825 Ed.
635 3775 713 3825 1878.
749 3771 793 3824 De
811 3774 895 3826 namna
912 3773 950 3826 od
968 3774 991 3826 b.
1012 3773 1029 3825 l.
1048 3776 1207 3828 commetario
1233 3775 1268 3842 of.

87 3860 210 3928 Ennea,
237 3858 326 3915 ΖΒΘ.
343 3863 393 3928 24,
414 3877 443 3928 p.
461 3863 517 3913 225
533 3874 589 3927 sqq.
625 3858 760 3928 Equidem
783 3860 838 3912 iam
861 3860 1016 3913 crediderim
1036 3866 1187 3926 praetorem
1205 3861 1270 3915 haee

87 3946 223 4000 meana
254 3945 286 4000 ‘ei
309 3944 371 4015 quia
396 3945 424 4000 id
449 3943 523 4014 quod
548 3943 728 4014 mancipatur
747 3944 887 3999 traditum
906 3963 938 4000 ex
957 3946 1034 4000 iusta
1052 3963 1135 4000 cauea
1154 3950 1182 4000 at
1201 3965 1268 4001 non·

86 4031 155 4086 dum
178 4039 205 4087 et
222 4033 280 4088 ret?
316 4032 476 4086 Formulam
498 4033 612 4086 aetiome
638 4050 662 4087 υ.
683 4032 745 4087 Gai.
767 4035 836 4100 4,36.
872 4034 919 4087 Ad
942 4034 1088 4099 formulam
1111 4051 1142 4088 ea
1166 4049 1269 4102 qaoque

82 4122 218 4189 peramara
246 4122 381 4189 auspicor,
408 4136 476 4188 quae
499 4126 531 4174 m
551 4122 687 4188 praetoria
714 4121 795 4174 verba
818 4121 974 4188 reformator
1000 4121 1037 4174 D.
1058 4125 1184 4188 6.2,7‚11:
1212 4120 1267 4189 ‘qui

84 4208 179 4276 (quem
199 4207 290 4261 Aulus
309 4207 426 4277 Agerius
443 4205 529 4274 aor.?)
551 4206 697 4261 bonafide
716 4207 802 4262 emit'.
821 4237 855 4246 —
874 4208 902 4277 9)
921 4208 986 4276 Dio.
1007 4213 1112 4274 (m.11).·
1130 4208 1266 4276 quinqua·

83 4294 170 4365 ginta
187 4310 346 4350 aureorum.
365 4322 399 4333 -
421 4293 464 4364 10)
484 4293 521 4350 D.
541 4301 579 4361 (m.
597 4299 659 4359 Mt:
679 4311 789 4350 noxam.
809 4325 841 4335 —
863 4294 908 4364 11)
928 4293 966 4347 D.
984 4297 1109 4362 9.3‚1pr.

140 4390 235 4439 Banna.
255 4388 344 4436 Fontes
363 4390 430 4435 iuria.
465 4389 510 4435 Ed.
531 4389 574 4436 VI.
1025 4384 1056 4435 14
