2992 5040
600 328 706 384 Nonius
725 329 883 384 Marcellus.
1294 337 1335 401 67

150 532 235 595 quos
266 506 420 573 dissensio
454 506 504 569 vel
534 506 729 570 concertatio
752 505 893 589 iurgium
917 506 1053 578 diciturz
1085 509 1169 573 inter
1190 511 1335 576 inimicos

154 615 312 679 dissensio
344 613 384 676 lis
416 611 606 695 appellatur.
653 611 695 674 M.
720 610 846 675 Tullius
876 612 914 676 de
938 635 1002 696 rep.
1027 612 1047 676 l.
1073 611 1152 678 llll:
1187 615 1335 682 ‘admiror

156 741 214 782 uec
238 740 344 783 rerum
368 717 471 781 solum
496 716 550 779 sed
573 715 743 779 verborum
767 715 862 778 etiarn
887 715 1100 800 elegantiam:
1124 720 1160 782 ‘si
1184 721 1334 806 iurgant',

156 823 298 908 inquit¹3
333 821 558 885 benevolorum
583 820 787 897 concertati0,
811 842 874 884 non
898 820 937 883 lis
961 821 1172 902 inimicorum,
1196 825 1334 910 iurgium

157 929 295 993 dicitur?
341 927 384 990 Et
408 927 440 990 in
464 924 630 1009 sequenti:
655 925 794 1008 ‘iurgare
818 925 920 1009 igitur
936 924 988 989 lex
1003 931 1096 1009 putat
1111 928 1195 992 inter
1210 951 1242 994 se
1258 932 1335 996 vici·

151 1056 225 1110 uos,
249 1055 312 1097 non
338 1032 486 1116 litigare!
533 1034 612 1094 292.

149 1177 199 1186 ›—
216 1135 595 1203 matremfamilias
614 1134 744 1219 (dictam
761 1155 828 1198 esse
845 1133 1054 1218 existimant),
1073 1158 1153 1220 quae
1168 1138 1200 1202 in
1213 1139 1336 1207 familia

161 1244 382 1326 mancipioque
406 1242 448 1305 sit
471 1241 587 1324 patria,
612 1239 673 1303 etsi
695 1239 729 1302 in
752 1239 858 1303 mariti
882 1241 1088 1305 matrimonio
1112 1250 1202 1308 esset.
1236 1249 1313 1312 299.

159 1350 350 1413 Mutuum
375 1347 443 1410 sine
467 1345 582 1420 usuris,
607 1344 735 1408 fenus
757 1365 828 1407 curn
852 1345 957 1408 usuris
981 1346 1126 1412 sumitur.
1171 1352 1247 1415 298.

159 1451 377 1516 Nubantes
402 1451 499 1515 veleri
524 1448 596 1532 lege
615 1446 760 1511 Romana
784 1470 867 1511 asses
887 1447 935 1512 ΙΙΙ
951 1449 990 1513 ad
1009 1451 1159 1517 maritum
1176 1456 1336 1521 venientes

160 1559 260 1621 solere
276 1553 458 1640 pervehere,
482 1559 579 1638 atque
595 1574 704 1631 unum,
730 1575 823 1637 quem
839 1553 872 1617 in
890 1576 985 1617 manu
1002 1561 1156 1635 tenerent,
1173 1564 1335 1644 tamquam

160 1661 285 1726 emendi
308 1682 401 1726 cauea
424 1659 540 1724 marito
564 1657 673 1735 dare²;
707 1659 816 1732 alium,
842 1681 933 1742 quem
958 1661 992 1722 in
1017 1661 1094 1744 pede
1117 1661 1279 1742 haberent,
1303 1666 1334 1729 in

152 1765 231 1831 ‘foco
254 1767 370 1831 Larum
394 1763 588 1829 familiarum
613 1783 743 1846 ponere3
776 1763 919 1839 tertium,
951 1785 1044 1847 quem
1071 1767 1102 1828 in
1127 1768 1337 1851 sacciperioue

162 1869 417 1948 condidissent³‚
449 1868 578 1952 conpito
609 1866 739 1931 vicinali
772 1867 875 1930 solere
898 1869 1065 1931 resanare⁴
1090 1907 1132 1916 —
1155 1893 1233 1954 quos
1256 1875 1337 1937 ritus

162 1975 265 2040 Varro
286 2013 329 2023 -
353 1975 390 2039 de
414 1975 481 2039 vita
505 1996 534 2056 p.
560 1971 598 2035 R.
623 1970 867 2054 diligentissime
891 1974 1096 2055 percucurrit.
1141 1980 1215 2039 363.

163 2078 270 2146 Oves
300 2082 425 2167 generis
454 2079 618 2155 feminini,
655 2082 691 2140 ut
718 2077 921 2161 plerumque3
957 2079 1125 2143 masculini
1150 2077 1254 2146 Varro
1277 2105 1335 2146 —:

161 2184 223 2252 Μ.δ
244 2186 404 2264 Terentio,
428 2185 555 2269 quando
580 2183 698 2246 citatus
721 2203 825 2265 neque
848 2183 1012 2264 respondit
1035 2205 1138 2266 neque
1154 2188 1336 2252 excusatus⁸

161 2294 219 2369 est,
242 2313 314 2354 eum
337 2289 413 2375 eg0⁷
436 2311 533 2354 unum
559 2309 649 2351 ovem
670 2286 809 2351 multam
833 2286 941 2350 dico'⁸.
988 2291 1060 2350 147.

162 2394 438 2473 Plebitatem,
462 2391 710 2480 ignobilitatem.
758 2389 837 2455 (lato
861 2413 918 2474 pro
942 2389 1095 2455 Veturio:
1128 2398 1266 2478 ‘propter
1288 2401 1336 2461 te·

163 2501 318 2564 unitatem
350 2504 382 2563 et
410 2499 616 2583 plebitatem'.
665 2496 802 2560 Hemina
832 2495 865 2560 in
891 2496 1095 2561 annalibuslz
1131 2500 1337 2587 ‘Quicumque

165 2609 294 2688 propter
316 2603 501 2688 plebitatem
525 2622 603 2686 agro
626 2599 753 2683 publico
777 2600 867 2664 eiecti
891 2601 1017 2664 sunt'¹⁰.
1065 2608 1135 2667 101.

160 2708 402 2773 Proletarii
427 2708 503 2772 dicti
526 2710 603 2770 sunt
626 2704 741 2789 plebei,
765 2705 821 2789 qni
844 2704 926 2769 nihil
947 2706 1141 2790 reipublicae
1156 2710 1336 2792 exhibeant,

160 2814 212 2878 sed
242 2818 368 2877 tantum
399 2813 518 2896 prolem
549 2809 722 2875 sufficiant.
748 2846 790 2855 —
818 2807 922 2875 Varro
953 2812 990 2876 de
1018 2811 1083 2876 vita
1105 2837 1136 2897 p.
1162 2813 1201 2879 R.
1225 2816 1278 2880 lib.
1303 2817 1336 2883 I:

162 2918 286 3002 ‘quibus
303 2923 393 2983 erant
407 2917 557 3000 pecuniae
573 2915 663 2992 satis,
685 2915 865 2998 locupletis,
883 2915 1048 2996 adsiduos3
1073 2920 1248 2984 contrarios
1264 2944 1335 3004 pro·

164 3022 300 3087 letarios.
336 3022 478 3086 Adsiduo
501 3020 658 3084 neminem
685 3019 840 3083 vindicem
858 3020 1035 3083 voluerunt
1052 3021 1253 3105 locupleti'¹¹.
1284 3030 1334 3090 48.

165 3123 333 3191 Proletarii
362 3126 444 3191 cives
473 3124 677 3201 dicebantur,
713 3123 768 3207 qui
799 3123 833 3186 in
867 3125 958 3207 plebe
982 3126 1170 3191 tenuissima
1192 3134 1283 3192 erant
1306 3135 1338 3194 et

162 3252 225 3294 non
248 3229 384 3314 amplius
407 3253 502 3315 quam
527 3230 615 3294 mille
639 3233 671 3294 et
693 3229 888 3314 quingentos
911 3230 992 3294 aeris
1018 3230 1195 3296 incensum
1219 3233 1337 3299 delere·

163 3335 248 3400 bant.
294 3341 367 3400 106.

160 3461 366 3471 —·--—-.-—-

229 3527 256 3595 1)
277 3525 319 3595 Os.
332 3533 393 3582 iom.
404 3526 428 3579 1.
445 3543 471 3594 p.
484 3529 519 3579 27
537 3526 591 3580 tub.
605 3525 695 3592 V11,5.
717 3555 748 3564 -
767 3526 794 3593 2)
808 3525 890 3580 daret
902 3526 941 3580 acl
959 3524 1063 3579 darent
1075 3525 1145 3578 libri.
1160 3556 1189 3564 -
1205 3526 1232 3595 3)
1245 3526 1338 3583 condi·

163 3612 249 3669 disset
262 3614 330 3667 iibri.
346 3645 378 3652 -
391 3614 421 3680 4)
433 3614 472 3666 cic
482 3614 552 3680 libri,
564 3629 686 3667 reserare
696 3613 776 3679 Roth,
785 3614 903 3681 fortemne
915 3630 1058 3667 reservare
1078 3642 1113 3653 -
1126 3613 1153 3684 5)
1164 3614 1198 3669 ld.
1209 3631 1258 3668 om.
1268 3615 1338 3682 libri,

165 3703 212 3755 aed
225 3701 362 3770 praecedit
379 3701 462 3756 idem.
481 3729 514 3740 -
535 3701 562 3772 6)
580 3703 619 3755 sic
636 3700 741 3754 Gellius
759 3705 857 3767 11,1‚4,·
877 3701 1016 3755 excitatus
1037 3701 1150 3755 Nonius.
1169 3732 1204 3740 -
1221 3702 1247 3770 l)
1276 3719 1338 3756 eum

160 3805 212 3857 ego
233 3789 350 3855 Noniae,
369 3805 421 3857 ego
439 3787 464 3842 ei
485 3789 594 3843 Gellius.
616 3818 648 3828 —
667 3790 695 3856 8)
714 3788 819 3844 Gellius
831 3795 929 3856 11.1‚4:
948 3789 1065 3853 Quando
1084 3819 1117 3829 -
1137 3789 1340 3861 amagistrati·

165 3875 215 3929 bue
235 3875 332 3946 populi
352 3876 471 3931 Romani
493 3905 521 3917 -
543 3876 637 3931 multe
655 3876 761 3930 dicitur
780 3878 825 3931 vel
846 3877 964 3931 minima
986 3876 1028 3930 vel
1043 3893 1180 3945 suprema,
1199 3877 1339 3932 observari

165 3962 242 4024 solet.
263 3966 295 4015 ut
313 3962 394 4017 ‘oves'
412 3979 512 4032 genere
531 3962 607 4016 virili
627 3963 823 4032 appellentur;
844 3967 930 4032 atque
947 3963 990 4017 ita
1008 3963 1044 4018 M.
1063 3962 1153 4018 Varro
1172 3964 1258 4018 verba
1271 3965 1340 4018 haec

163 4047 302 4118 legitima,
322 4048 422 4119 quibus
440 4050 558 4104 minima
576 4050 669 4103 multa
688 4050 835 4114 diceretur,
856 4051 997 4121 concepit:
1016 4049 1062 4102 ·Μ.
1072 4048 1203 4104 Terentio
1217 4080 1247 4089 ·-
1261 4048 1339 4112 dico',

161 4153 194 4190 ac
208 4136 262 4189 nisi
277 4154 309 4193 eo
322 4153 423 4206 genere
435 4137 582 4201 diceretur,
598 4140 773 4206 negaverunt
788 4137 893 4192 iustam
909 4137 999 4193 videri
1012 4138 1141 4193 multam.
1160 4168 1192 4176 -
1212 4139 1239 4205 9)
1251 4154 1339 4192 annos

162 4224 232 4278 libri.
250 4255 284 4264 -
305 4226 350 4294 10)
368 4225 479 4280 Sallust.
493 4226 554 4280 bist.
568 4225 805 4292 aecumaecui:
825 4226 937 4294 regibus
952 4227 1060 4280 exactis
1070 4224 1208 4279 —servili
1221 4224 1340 4294 imperio

161 4314 257 4382 patres
275 4313 386 4382 plebem
405 4329 528 4367 exercere
546 4343 581 4352 -
599 4327 668 4380 agro
687 4312 800 4382 pellere.
827 4343 861 4352 -
891 4314 933 4383 ll)
954 4313 1041 4368 idem:
1071 4313 1180 4368 assiduo
1200 4312 1339 4367 neminem

152 4399 301 4456 uindicem
319 4417 377 4456 esee
396 4403 544 4457 uoluerunt
556 4400 610 4455 nisi
624 4400 767 4454 assiduum
782 4399 868 4455 idest
885 4401 1052 4470 locupletem
1068 4402 1179 4455 coniecit
1194 4400 1339 4458 Temeno.

1097 4489 1130 4542 5*
