2992 5040
622 309 708 380 Leges
726 307 829 378 regiae.
1291 312 1329 376 11

237 490 288 553 14.
331 489 505 555 Marcellus
521 491 542 556 l.
553 494 601 556 28
616 491 803 573 maestorum
819 489 1021 571 (D.11,e,2):
1044 489 1153 575 Negat
1167 490 1218 555 lex
1233 491 1332 576 regia,

155 593 328 673 mulierem,
354 616 436 679 quae
460 616 618 682 praegnas
641 598 769 658 mortua
791 594 843 667 sit,
868 593 1005 673 humari,
1028 600 1196 680 antequam
1221 601 1333 680 partus

156 700 183 763 ei
204 699 388 775 elucidatum
423 701 477 785 qui
509 700 769 779 contrafecerit,
801 723 888 784 spem
912 701 1084 766 animantis
1107 723 1177 766 oum
1201 702 1334 785 gravida

152 805 319 888 peremisse
342 806 482 872 videtur:

247 912 298 975 15.
335 910 419 976 Fest.
444 912 497 993 (P.
525 918 576 998 6):
612 913 725 978 Alinta
754 914 878 998 antiqui
907 915 1054 979 dicebant
1076 936 1135 999 pro
1157 914 1251 978 aliter
1274 939 1332 992 -;

156 1015 229 1080 hino
262 1021 312 1080 est
342 1016 421 1081 illud
451 1019 484 1082 in
516 1019 642 1104 legibus
672 1017 797 1083 Numae
827 1018 978 1104 Pompili:
1014 1042 1334 1092 s1ou1sonruns1urs

155 1144 249 1199 raum,
274 1144 351 1186 rasos
373 1145 430 1187 rou
453 1146 540 1187 sacas
563 1146 641 1187 saro.

244 1227 294 1290 16.
318 1226 416 1291 Dion.
435 1227 582 1311 (2,74)ι1
606 1228 627 1312 ἡ
650 1229 721 1310 περὶ
746 1230 818 1303 τοὺς
839 1227 985 1309 ὁρισμοὺς
1008 1235 1070 1288 τῶν
1086 1226 1228 1310 κτήσεων
1244 1249 1335 1311 νομο-

154 1331 260 1395 θεσία·
295 1330 516 1407 κελεύσας-
543 1332 670 1416 ἑκάστῳ
698 1331 889 1415 περιγράψαι
920 1333 976 1414 τὴν
1006 1329 1119 1394 ἑαυτοῦ
1151 1342 1260 1417 κτῆσιν
1279 1335 1334 1396 καί

156 1446 266 1519 στῆσαι
302 1434 412 1510 λίθους
444 1436 493 1499 ἐπὶ
522 1446 586 1512 τοῖς
618 1438 716 1520 ὅροις,
750 1436 851 1519 ἱεροὺς
875 1433 1035 1512 ἀπέδειξεν
1059 1435 1144 1519 ὁρίου
1168 1436 1240 1512 Διὸς
1263 1441 1334 1513 τοὺς

157 1539 274 1616 λὲθους.
298 1579 339 1588 -
364 1542 391 1604 εἰ
417 1541 452 1605 δέ
475 1563 520 1618 τις
544 1541 720 1625 ἀφανίσειεν
743 1543 764 1625 ἢ
790 1540 941 1626 μεταθείμ
958 1543 1031 1613 τοὺς
1047 1541 1148 1622 ὅρους,
1173 1541 1254 1624 ἱερὸν
1270 1542 1334 1606 ἑνο-

157 1644 331 1728 μοθέτησεν
354 1648 430 1710 εἶναι
451 1657 507 1711 τοῦ
531 1647 609 1711 θεοῦ
633 1649 685 1710 τὸν
707 1647 825 1710 τούτων
847 1666 875 1709 τι
899 1645 1175 1728 διαττραξοίμενον.1

246 1755 298 1817 17.
321 1751 514 1817 Plutarchus
538 1749 773 1833 (Nama17):³
797 1748 868 1816 Τῶν
892 1751 926 1814 δὲ
951 1749 1055 1813 ἄλλων
1079 1751 1174 1812 αὐτοῦ
1190 1750 1333 1814 πολιτευ-

163 1859 265 1940 μάτων
282 1857 302 1940 ἡ
318 1860 402 1920 κατὰ
418 1856 529 1941 τέχνας
546 1859 676 1942 διανομὴ
693 1866 748 1920 τοῦ
765 1856 911 1942 πλήθους
928 1857 1062 1939 μάλιστα
1075 1857 1281 1939 θαυμάζεται.
1292 1896 1333 1905 -

159 1960 214 2024 Ἠν
238 1963 273 2024 δὲ
297 1961 319 2044 ἡ
343 1961 474 2047 διανομὴ
495 1965 578 2026 κατὰ
607 1965 663 2037 τὰς
687 1961 798 2047 τέχνας
822 1961 982 2047 αὐλητῶν,
1005 1961 1202 2044 χρυσοχόων,
1225 1961 1335 2025 τεκτέ-

160 2089 227 2148 νων,
262 2064 398 2153 βαφέων,
422 2067 633 2150 σκυτοτόμων,
657 2066 870 2149 σκυτοδεψῶν,
893 2065 1051 2150 χαλκέων,
1075 2064 1248 2149 κεραμέων.
1280 2070 1336 2143 τὰς

159 2173 189 2237 δὲ
218 2173 331 2245 λοιπὰς
357 2170 468 2254 τέχνας
490 2172 532 2246 εἰς
556 2173 650 2235 ταύτὸ
675 2172 861 2254 συναγαγὼν
885 2172 917 2234 ἓν
941 2172 1043 2233 αὐτῶν
1066 2171 1104 2232 ἐκ
1127 2180 1236 2234 πασῶν
1260 2171 1335 2234 ἀπέ-

160 2277 236 2355 δειξε
264 2277 424 2359 σύστημα·
456 2276 618 2351 κοινωνίας
648 2276 760 2339 δὲκαὶ
783 2274 932 2350 συνέδους
959 2277 1013 2338 καὶ
1040 2276 1125 2338 θεῶν
1147 2278 1237 2358 τιμὰς
1259 2277 1335 2339 ἀπο-

160 2382 227 2456 δοὺς
248 2381 375 2464 ἑκάστῳ
397 2380 480 2464 γένει
500 2381 680 2464 πρεπούσας
704 2379 773 2444 κτλ.

247 2488 298 2551 18.
331 2487 517 2552 Macrobius
540 2488 612 2570 (sat.
635 2488 738 2569 1,13):
771 2485 879 2550 Numa
902 2486 999 2566 (anno
1022 2484 1191 2570 Romuli)⁴
1223 2486 1337 2552 Ldies

162 2592 295 2670 addidit,
329 2592 421 2655 utin
446 2590 613 2657 cconlssl
637 2591 718 2670 dies,
749 2591 865 2675 quibus
889 2589 950 2654 XII
975 2592 1068 2656 lunae
1091 2614 1200 2657 cursus
1224 2593 1336 2658 confini

162 2697 300 2773 credidit,
333 2720 435 2761 annus
462 2697 700 2772 extenderetnr;
733 2701 828 2779 atque
861 2695 911 2759 his
933 2695 958 2759 L
982 2720 1000 2760 a
1023 2720 1056 2762 se
1079 2699 1195 2763 additis
1223 2699 1338 2764 adiecit

162 2803 236 2867 alios
260 2800 322 2879 VI,
355 2806 508 2866 retractos
532 2800 597 2864 illis
620 2799 667 2864 VI
689 2800 850 2864 mensibus
881 2801 935 2884 qui
959 2800 1050 2867 XXX
1073 2803 1236 2869 habebant
1259 2805 1336 2882 dies,

163 2946 200 2957 —
223 2907 392 2991 fastosque
414 2906 487 2971 LVI
510 2907 575 2970 dies
599 2907 632 2970 in
656 2907 735 2971 duos
758 2928 856 2970 novos
879 2929 1000 2971 menses
1025 2907 1094 2990 pari
1109 2909 1233 2974 ratione
1255 2910 1336 2973 divi-

163 3015 214 3078 sit:
239 3036 276 3079 an
297 3049 338 3060 -
367 3012 503 3095 priorem
527 3011 711 3076 Ianuarium
736 3012 932 3095 nuncupavit
955 3013 1156 3097 primumque
1179 3015 1255 3078 anni
1271 3038 1338 3081 esse

164 3118 270 3195 uoluit,
295 3154 337 3165 —
362 3117 533 3180 secundum
564 3117 682 3181 dinavit
706 3117 831 3181 Februo
855 3117 921 3180 de0.
947 3155 986 3163 --
1012 3116 1112 3181 Panlo
1135 3123 1208 3200 post
1231 3116 1338 3183 Numa

164 3223 371 3287 inhonorem
401 3222 521 3306 inparis
551 3221 699 3286 nnmeri⁶
720 3261 763 3268 -
787 3244 884 3285 unum
908 3222 1023 3286 adiecit
1046 3222 1139 3301 diem,
1169 3245 1261 3305 quem
1285 3220 1337 3286 Ia·

161 3367 366 3374 n———-——--

232 3434 259 3500 l)
279 3431 324 3498 (de
344 3431 471 3486 terminis
489 3448 622 3501 agrorum
642 3430 797 3499 legislatio:
823 3430 921 3485 iubens
941 3446 1168 3500 unumquemque
1186 3430 1338 3486 terminare

163 3537 260 3590 agrum
281 3538 363 3573 arsum
383 3522 412 3574 et
430 3519 537 3590 lapides
555 3520 584 3573 in
604 3518 705 3572 finibus
725 3535 836 3587 ponere.
855 3536 900 3575 eos
922 3519 979 3575 Iovi
1000 3520 1132 3574 Termino
1150 3517 1287 3573 sacravit:
1315 3518 1337 3572 si

162 3608 220 3676 quis
240 3624 306 3663 sero
320 3607 452 3663 terminos
465 3607 624 3662 sustulisset
637 3607 681 3661 vel
693 3606 894 3668 transtulisset,
908 3606 959 3663 deo
969 3624 1077 3662 sacrum
1090 3605 1208 3674 assequi
1221 3605 1338 3669 fecisset,

162 3695 278 3762 sanxit.)
297 3724 331 3734 -
352 3695 379 3763 2)
398 3694 470 3750 Fert.
489 3695 534 3763 (P.
547 3696 611 3763 368)
631 3693 761 3748 Termino
780 3709 860 3748 sacra
879 3693 1021 3748 faciebant
1039 3693 1112 3763 quod
1132 3693 1162 3747 in
1178 3693 1236 3748 eins
1248 3693 1340 3748 tutela

162 3780 230 3835 fines
248 3798 383 3851 agrorum
404 3799 462 3837 esse
481 3782 630 3852 putabant
667 3778 793 3850 Denique
811 3780 905 3836 Numa
918 3779 1073 3850 Pompilius
1085 3781 1196 3844 statuit,
1216 3796 1279 3835 oum
1292 3781 1340 3851 qui

162 3869 313 3923 terminum
333 3871 474 3923 exorasset
493 3871 522 3922 et
539 3869 632 3937 ipsum
657 3871 685 3922 et
703 3868 787 3923 boves
806 3885 897 3924 sacros
917 3886 982 3924 esse.
1000 3899 1035 3909 -
1054 3869 1340 3938 amoenanda

161 3956 302 4011 institutis
328 3955 480 4011 maximam
507 3955 722 4011 admirationem
743 3956 829 4010 habet
848 3956 937 4025 plebis
956 3973 1005 4026 per
1024 3956 1145 4011 artificia
1163 3954 1340 4024 distributim

164 4044 233 4099 haee
252 4061 316 4099 vero
336 4043 404 4097 luit:
429 4043 584 4110 tibicinum,
610 4045 762 4106 aurificum,
785 4044 925 4100 labrorum
946 4044 1161 4114 tignuariomm.
1181 4044 1340 4107 tinctorum,

162 4136 302 4194 sutorum,
329 4131 478 4198 lullonum,
506 4133 649 4189 labrorum
673 4133 853 4195 aerariorum,
881 4133 1046 4202 figulornm3
1076 4131 1198 4201 reliquas
1217 4136 1291 4186 artes
1309 4131 1341 4186 in

163 4235 252 4272 unum
270 4219 361 4289 coegit
378 4237 519 4289 unumque
536 4238 569 4276 ex
590 4221 623 4275 iis
645 4221 772 4277 omnibns
792 4221 859 4276 feeit
879 4209 990 4290 σοιμυτς
1019 4221 1159 4275 consortia
1176 4222 1204 4273 et
1225 4219 1342 4275 concilia

165 4308 195 4359 et
212 4321 292 4361 saera
310 4308 406 4376 cuique
424 4310 518 4378 generi
538 4310 665 4364 tribuens
687 4309 901 4380 eonvenientia.)
919 4339 953 4350 -
973 4310 1002 4378 4)
1023 4309 1063 4375 Cf.
1085 4307 1141 4377 Leo
1168 4307 1245 4362 Rom
1264 4311 1287 4361 5.
1307 4339 1342 4348 —

167 4395 197 4465 δ)
216 4392 311 4465 Impar
329 4411 458 4450 numerus
476 4399 567 4467 magis
587 4397 698 4452 faustus
720 4397 886 4452 habebatur.
917 4397 990 4451 Ceus.
1012 4397 1037 4450 d.
1055 4397 1080 4449 d.
1100 4403 1155 4450 και.
1174 4400 1245 4461 ΒΘΑ.
