2992 5040
621 324 831 392 Agrimensores
1283 324 1325 390 93

143 504 272 585 regione
296 503 501 576 tractabitur,
526 501 608 564 nihil
633 501 760 564 amittet
779 521 949 583 possessor,
974 500 1125 583 quoniam
1142 499 1254 564 formis
1270 522 1326 582 per

141 610 301 672 centurias
332 614 437 671 certus
467 609 581 692 cuique
612 609 724 672 modus
757 607 936 690 adscriptus
967 609 1023 670 est
1081 603 1173 670 Circa
1205 603 1325 668 Padum

142 723 248 777 autem
279 737 351 779 cum
384 718 551 798 ageretur,
584 699 667 797 quod
704 712 820 776 flumen
851 717 977 776 torrens
1009 715 1041 773 et
1064 710 1236 794 aliquando
1259 717 1324 774 tum

142 819 318 882 violentum
351 818 504 895 decurrit,
539 825 574 882 ut
606 818 732 881 alveum
764 822 866 881 mutet
889 821 921 881 et
943 816 1119 879 multorum
1143 816 1207 880 late
1231 836 1326 900 agros

141 927 231 987 trans
256 924 370 1006 ripam,
400 928 435 986 ut
457 923 503 986 ita
527 923 639 998 dicam,
664 922 848 996 transferat,
873 942 966 1003 saepe
990 922 1086 984 etiam
1109 922 1230 985 insulas
1254 919 1325 984 effi·

142 1029 245 1100 ciat¹,
277 1026 405 1091 Cassius
430 1027 604 1109 Longinus,
637 1026 904 1110 prudentissimus
928 1027 985 1103 vir,
1018 1027 1097 1091 iuris
1121 1032 1241 1099 auctor,
1266 1027 1327 1094 hoc

142 1133 273 1207 statuit,
306 1139 342 1196 ut
366 1133 520 1216 quidquid
546 1155 629 1216 aqua
652 1132 868 1195 lambiseendo
892 1133 1077 1207 abstulerit,
1109 1132 1140 1194 id
1165 1155 1327 1215 possessor

144 1237 282 1314 amittat,
306 1240 456 1321 quoniam
481 1239 604 1302 seilicet
628 1239 730 1321 ripam
755 1260 846 1300 suam
870 1237 938 1300 sine
961 1236 1094 1301 alterius
1109 1237 1226 1300 damno
1243 1239 1326 1302 tueri

143 1342 250 1415 debet;
276 1343 303 1405 si
327 1364 402 1405 vero
427 1344 545 1407 maiore
569 1344 600 1405 vi
617 1343 786 1406 decurrens
803 1342 927 1406 alveum
944 1347 1108 1423 mutasset,
1128 1365 1221 1405 suum
1238 1344 1326 1426 quis-

143 1469 201 1530 que
232 1449 360 1511 modum
396 1453 601 1531 agnosceret,
637 1447 789 1531 quoniam
822 1469 884 1510 non
910 1447 1099 1529 possessoris
1122 1445 1326 1531 neglegentia

143 1554 195 1616 sed
225 1556 425 1635 tempestatis
461 1553 613 1618 violentia
644 1553 812 1635 abreptum
837 1550 1009 1634 apparet²;
1040 1552 1067 1615 si
1091 1574 1165 1616 vero
1188 1553 1326 1616 insulam

144 1657 284 1735 fecisset,
317 1660 448 1723 acuius
472 1681 550 1742 agro
575 1659 722 1734 fecisset,
755 1659 782 1720 is
806 1659 999 1740 possideret;
1031 1653 1103 1718 aut³
1127 1656 1154 1718 si
1178 1679 1216 1719 ex
1240 1678 1324 1720 com·

143 1763 241 1838 muni,
266 1763 401 1846 quisque
425 1787 517 1827 suum
542 1764 707 1846 reciperet.

230 1867 276 1951 (9)
310 1868 356 1932 De
379 1869 481 1932 iure
505 1867 760 1932 territorii
789 1866 1006 1930 controversia
1029 1872 1077 1930 est
1100 1866 1138 1929 de
1162 1865 1221 1939 his,
1245 1876 1377 1948 quaeri.

143 1973 180 2035 ad
205 1972 306 2055 ipsam
331 1973 442 2036 urbem
466 1975 637 2057 pertinent,
662 1973 729 2036 sive
752 1971 828 2054 quid
851 1973 938 2034 intra
961 1970 1137 2053 pomerium
1155 1970 1222 2033 eius
1238 1969 1326 2033 urbis

144 2077 214 2152 erit,
238 2079 323 2161 quod
347 2102 365 2140 a
390 2080 523 2162 privatis
548 2077 697 2162 operibus
721 2077 859 2160 optineri
876 2099 940 2140 non
957 2077 1125 2159 oportebit.
1150 2111 1194 2121 -
1212 2075 1252 2138 F.
1271 2077 1325 2138 52.

143 2181 182 2245 A.
198 2186 251 2244 84.
278 2182 324 2245 Η.
341 2188 413 2246 133.

230 2285 299 2370 (10)
338 2286 386 2350 De
418 2288 680 2354 subsicivis
712 2288 929 2351 controversia
953 2291 1016 2358 est,
1048 2286 1195 2370 quotiens
1218 2286 1377 2370 eliquato.

143 2413 215 2473 pars
248 2396 409 2457 centuriae
442 2395 509 2456 sive
540 2399 609 2457 tota
639 2415 702 2457 nou
737 2399 785 2456 est
818 2393 987 2475 adsignata
1014 2397 1046 2454 et
1070 2391 1258 2473 possidetur.
1284 2427 1326 2438 -

143 2499 180 2559 Α.
206 2499 257 2559 81.
292 2497 333 2561 H.
354 2502 426 2560 132.

229 2601 298 2685 (ll)
333 2602 380 2667 lle
404 2603 514 2666 locis
537 2602 732 2685 publicis
762 2603 828 2665 sive
853 2603 962 2685 populi
987 2601 1125 2665 Romam
1150 2603 1215 2665 sive
1237 2601 1323 2665 colo·

144 2706 266 2769 uiarum
292 2709 578 2791 municipiorumve
602 2709 818 2772 controversia
841 2712 899 2783 est,
924 2707 1072 2790 quotiens
1094 2728 1140 2779 ea,
1165 2728 1246 2789 quae
1270 2729 1324 2770 ne-

143 2832 202 2893 que
226 2811 396 2894 adsignata
419 2835 520 2896 neque
544 2815 674 2878 vendita
698 2814 818 2878 fuerint
844 2814 1022 2897 umquam⁴,
1047 2812 1162 2896 aliquis
1179 2812 1324 2895 possede-

143 2915 193 2988 rit,
229 2920 264 2979 ut
287 2916 412 2980 alveum
436 2917 577 2980 fluminis
603 2923 739 2981 veterem
764 2917 873 3001 populi
900 2917 1036 2980 Romani
1061 2924 1116 2981 cet.
1144 2954 1182 2963 -
1210 2917 1248 2980 F.
1272 2921 1323 2982 54.

143 3021 179 3082 Α.
202 3024 255 3084 85.

230 3125 299 3208 (12)
337 3126 384 3190 De
408 3126 714 3194 locisrelietis
738 3134 778 3192 et
802 3128 1085 3193 extraclusis
1110 3127 1378 3193 controversiam.

144 3234 191 3293 est
220 3229 254 3292 in
288 3233 375 3314 agris
408 3233 595 3317 adsignatis.
643 3232 769 3296 Relicta
799 3240 904 3297 cirtem
937 3234 1007 3296 loca
1030 3239 1121 3308 suut,
1156 3254 1236 3314 quae
1260 3232 1325 3295 sive

144 3438 218 3493 Sicut
244 3444 352 3503 150,24:
374 3439 460 3492 Risus
481 3471 512 3479 —
533 3441 663 3508 quotiens
684 3441 766 3493 finem
781 3440 857 3502 tacit,
876 3439 1040 3508 appellatur
1060 3440 1128 3493 ‘rivo
1141 3441 1216 3493 recto
1229 3454 1325 3492 curvo·

142 3543 195 3594 que
215 3528 276 3597 [aut
295 3527 344 3580 del.
364 3528 414 3581 lroc
432 3544 486 3580 voc.
506 3536 555 3582 aut
572 3544 622 3581 ser.
643 3545 787 3595 cursuque.
818 3528 868 3582 ΤΗ.
888 3527 960 3596 ll.]';
988 3527 1037 3596 qui
1056 3529 1078 3583 si
1098 3527 1217 3580 alieuius
1236 3528 1326 3579 terras

143 3612 306 3668 minutatim
337 3633 369 3668 ex
390 3615 447 3668 alin
466 3621 548 3683 parte
570 3615 720 3668 abstrahat
739 3615 836 3670 etalii
856 3615 997 3672 contrario
1016 3615 1167 3684 relinquat,
1186 3613 1259 3683 quod
1282 3631 1325 3668 vo·

142 3706 208 3754 cant
227 3702 407 3756 abluvionem
426 3700 608 3771 (alluvionem
630 3701 698 3762 cod.)
717 3705 746 3754 et
761 3701 932 3755 alluvionem
953 3701 1141 3772 (alluvionum
1154 3702 1229 3763 eod),
1250 3716 1326 3769 repe-

143 3787 206 3842 titio
225 3789 323 3843 finium
346 3808 399 3844 non
420 3791 505 3842 datur
524 3789 630 3852 (linium
646 3789 771 3843 addatur
789 3790 880 3852 liter);
900 3789 1009 3843 inducit
1029 3788 1138 3857 (indicit
1152 3789 1229 3851 liber)
1248 3788 1324 3840 enim

142 3875 336 3930 necessitatem
357 3877 483 3945 riparum
503 3877 682 3941 tuendarum,
708 3877 781 3945 quod
801 3878 872 3930 iuste
892 3877 1004 3931 videtur
1018 3879 1204 3945 prospectum,
1225 3880 1258 3926 ut
1271 3877 1324 3928 ter·

142 3979 189 4017 rae
217 3964 420 4032 possessoribus
446 3963 541 4017 salvae
560 3963 631 4027 sint,
661 3965 748 4018 etism
768 3963 901 4032 publicae
920 3964 1057 4016 utilitatis
1075 3980 1167 4017 causa.
1205 3961 1324 4024 Quodsi

142 4052 175 4116 (si
199 4067 248 4105 om.
269 4052 344 4117 liber)
375 4051 401 4103 vi
430 4055 631 4121 tempestatum
660 4053 713 4104 rivi
746 4055 884 4106 torrentes
910 4051 1003 4105 subito
1028 4053 1140 4104 alveum
1159 4065 1325 4116 cursumque

141 4137 232 4203 (alueo
251 4155 389 4207 cursuque
409 4139 485 4206 liber)
512 4142 637 4199 mutent,
665 4142 769 4192 iustum
791 4137 961 4204 (munientes
981 4143 1040 4190 turn
1064 4138 1150 4199 liber),
1176 4139 1209 4188 nt
1228 4139 1325 4189 nostra

141 4225 198 4280 fert
217 4226 319 4294 opinio,
340 4226 402 4289 erit,
422 4229 454 4279 ut
474 4227 548 4280 alvei
568 4227 669 4280 veteris
690 4227 757 4280 fines
776 4244 838 4280 srvos
860 4225 976 4294 quisque
995 4226 1132 4280 obtineat.

232 4315 257 4382 l)
277 4313 379 4368 efficiet
401 4315 437 4366 ad
457 4317 531 4380 Are,
551 4314 636 4367 efficit
656 4313 691 4367 ad
712 4314 801 4380 Grrelf.
822 4344 855 4352 —
875 4312 903 4377 2)
925 4317 1073 4382 appareret
1094 4312 1226 4365 Hrcsclrlre.
1249 4341 1279 4351 -—
1299 4313 1326 4376 3)

141 4407 172 4455 at
191 4401 360 4454 Laelianas.
385 4432 409 4439 —
433 4402 460 4470 t)
480 4402 622 4470 umquam]
644 4418 728 4469 quam
748 4403 822 4466 Arc,
841 4417 913 4469 quae
933 4400 1024 4464 Grrelf.
