2992 5040
510 345 558 401 SO.
576 345 611 401 de
629 363 722 401 mense
743 347 878 414 Augusto.
1227 345 1289 411 185

111 525 277 590 adfuerunt
300 523 344 588 M.
371 521 482 587 Iunius
510 523 554 587 M.
579 523 600 585 f.
621 517 800 605 ¹Si[luru‘rs],
827 522 875 606 (⁹)
893 569 901 584 .
920 573 926 585 .
945 571 953 586 .
971 522 1070 600 riuus,
1097 519 1130 587 O.
1156 521 1291 584 Asinius

111 628 161 695 Cn.
187 629 210 694 f.
236 625 382 715 [Polliol.
1219 630 1222 635 ’

316 824 369 885 45.
406 819 470 884 Sd.
495 821 542 884 de
567 818 916 903 aquaeductibus
938 841 966 882 a.
993 768 1066 882 743.

185 963 375 1028 (Frontinus,
406 962 442 1018 de
463 962 549 1032 curris
570 961 653 1018 urbis
673 957 798 1018 Romae'
827 962 953 1019 0127.-
981 955 1062 1026 Quae
1083 956 1183 1015 omnia
1204 955 1288 1023 suto,

112 1058 187 1132 quod
209 1057 331 1125 subieci,
352 1057 472 1130 provisa
493 1057 593 1119 suutzl

195 1155 286 1231 Quod
304 1156 341 1232 Q.
356 1154 469 1218 Aelius
482 1152 621 1231 Tubero,
638 1152 757 1216 Paulus
776 1151 893 1216 Fabius
909 1150 1068 1215 Maximus
1085 1173 1147 1215 cos.
1167 1150 1289 1235 v(erba)

114 1258 289 1343 flecerunt),
315 1280 472 1343 aquarum
491 1259 622 1343 quaein
639 1257 750 1322 orbem
767 1259 913 1322 venirent
928 1257 1045 1322 itinera
1060 1257 1208 1340 occupari
1224 1277 1292 1320 rno-

115 1365 268 1429 numentis
281 1369 313 1429 et
325 1364 479 1429 aedificiis
494 1368 527 1427 et
540 1364 710 1427 arboribus
726 1363 858 1440 conseri,
873 1360 977 1446 quiid)
996 1361 1095 1446 f(ieri)
1114 1360 1292 1446 p(lsceret),

195 1469 259 1554 d(e)
293 1468 356 1553 e(a]
382 1468 444 1554 tle)
470 1468 544 1553 ilta)
571 1468 807 1553 cleusueruntlz
841 1490 913 1533 cum
937 1467 977 1531 ad
1001 1466 1184 1531 reficiendos
1207 1467 1292 1530 rivos

115 1597 282 1660 specusque
306 1572 481 1661 perplacet,
507 1579 540 1637 ul
562 1575 703 1655 spolium·
726 1576 809 1637 circu
832 1595 883 1638 eos
900 1578 1010 1655 pareat
1031 1593 1103 1636 cece
1125 1574 1291 1653 quicquum

114 1679 151 1741 ul
173 1699 224 1742 eos
242 1684 393 1759 ponatur,
418 1700 479 1758 quo
503 1678 719 1759 ‘iurpedioulur
741 1674 875 1762 olquue²
899 1680 931 1741 et
954 1681 1049 1760 opera
1072 1675 1200 1760 publica
1223 1697 1292 1739 cor·

114 1788 309 1867 rumpantur,
337 1782 473 1865 placere,
500 1784 583 1847 circa
608 1782 715 1847 fontes
738 1788 771 1846 et
793 1782 930 1848 fornices
954 1788 987 1847 et
1008 1781 1132 1847 muros³
1155 1773 1293 1864 utraque

113 1912 146 1952 cx
169 1895 259 1972 parte
283 1889 399 1973 quinos
422 1889 519 1953 denos
543 1888 638 1972 pedes
663 1893 783 1971 patere,
807 1893 839 1952 et
862 1889 947 1952 circa
962 1888 1047 1951 rivos
1063 1885 1118 1970 qui
1135 1885 1293 1950 subterra

113 1999 211 2057 esseut
235 1997 268 2057 et
289 2015 402 2075 specus
425 1994 512 2057 iutra
538 1993 649 2056 urbem
673 1997 706 2057 et
723 1992 812 2056 urbi⁴
829 1993 1028 2057 continentia
1044 1990 1187 2055 aedificia
1203 1995 1292 2053 utra·

113 2120 169 2181 que
191 2120 230 2162 ex
254 2104 346 2182 parte
371 2098 486 2182 quinos
512 2098 607 2181 pedes
633 2119 747 2161 vacuos
771 2097 910 2181 relinqui
929 2098 985 2174 ita,
1010 2102 1045 2159 ut
1061 2116 1164 2179 neque
1180 2115 1292 2158 monu-

112 2207 251 2266 mentum
284 2203 317 2265 in
351 2203 377 2265 is
413 2203 491 2266 locis
521 2225 623 2287 neque
647 2202 825 2266 aedificium
850 2207 923 2286 post
946 2202 1006 2265 boc
1028 2206 1153 2283 tempus
1177 2221 1294 2282 ponere

113 2330 209 2391 neque
241 2329 407 2373 conserere
441 2308 570 2372 arbores
604 2308 731 2373 liceret:
764 2309 790 2371 si
824 2330 905 2393 quae
928 2327 1012 2371 nunc
1035 2309 1141 2368 essent
1163 2305 1292 2367 arbores

111 2412 193 2478 iutra
217 2415 247 2477 id
272 2414 423 2497 spatium,
449 2413 680 2491 exciderentur,
705 2419 928 2497 praeterquam
951 2409 977 2473 si
1002 2430 1083 2493 quae
1104 2408 1200 2472 villae
1216 2430 1292 2472 oon·

111 2519 247 2583 tinentes
271 2524 303 2583 et
325 2518 466 2582 inclusae
492 2518 643 2582 aedificiis
667 2523 781 2582 esseut.
829 2516 862 2581 Si
886 2515 959 2601 qnis
982 2515 1132 2578 adversus
1155 2535 1192 2576 ea
1216 2536 1292 2578 con·

111 2623 239 2699 miserit,
264 2623 296 2687 in
321 2621 465 2706 singulas
490 2644 540 2685 res
564 2643 666 2705 poena
690 2620 745 2685 HS
767 2622 847 2685 dena
870 2619 960 2684 milia
982 2624 1095 2691 esseut,
1122 2642 1160 2682 ex
1176 2621 1293 2703 quibus

110 2751 179 2811 pars
202 2728 336 2792 dimidia
358 2728 536 2812 praemium
560 2727 736 2790 accusatori
760 2725 898 2802 daretur,
929 2725 1018 2787 euius
1042 2744 1139 2807 opera
1155 2724 1292 2788 maxime

109 2835 271 2898 convictus
294 2839 376 2898 esset
407 2833 462 2918 qui
487 2832 639 2896 adversus
664 2831 724 2895 hoc
748 2828 814 2894 S.C.
841 2829 1054 2902 conmisisset,
1089 2851 1162 2911 pars
1186 2833 1292 2892 autem

109 2939 239 3004 dimidia
271 2939 304 3001 in
327 2939 485 3001 aerarium
520 2937 736 3020 redigeretur;
770 2936 870 3019 deque
899 2957 936 2998 ea
959 2954 992 2996 re
1015 2933 1192 2997 iudicarent
1216 2955 1291 3016 cog-

107 3049 336 3128 noscerentque
358 3048 521 3107 curatores
544 3063 709 3124 aquarum.

317 3218 368 3282 46.
404 3215 474 3282 SC.
499 3218 545 3282 de
568 3239 708 3281 mense
731 3215 929 3301 Augusto
953 3238 980 3280 a.
1007 3216 1079 3279 746.

186 3357 388 3432 (Macrobius,
421 3357 483 3418 Sol.
511 3360 651 3425 1,12,35.·
682 3357 841 3431 Augustus
862 3353 968 3414 deinde
989 3354 1120 3433 (mensis)
1150 3358 1209 3421 est,
1240 3353 1291 3427 qui

108 3451 226 3510 Sextilis
248 3454 337 3511 antea
359 3453 530 3523 vocabatur,
552 3451 641 3510 donec
663 3452 765 3509 honori
781 3453 914 3528 Augusti
929 3451 1051 3511 daretur
1066 3471 1100 3510 ex
1115 3451 1190 3518 SG.⁶‚
1208 3449 1293 3509 cuius

108 3549 197 3606 rerba
217 3548 358 3627 subiens)

193 3644 275 3709 Curn
299 3645 473 3728 imperator
496 3643 611 3709 Caesar
634 3643 805 3729 Augustus
828 3666 936 3708 mense
959 3643 1072 3709 Sextili
1096 3649 1128 3707 et
1150 3644 1291 3728 primurn

106 3749 309 3813 consulatum
337 3750 445 3813 inierit
477 3754 509 3814 et
532 3749 713 3832 triumphos
745 3755 809 3814 tres
838 3751 870 3813 in
893 3750 1005 3814 urbem
1029 3749 1178 3813 intulerit
1200 3754 1233 3814 et
1255 3771 1293 3813 ex

110 3853 249 3918 laniculo
273 3854 414 3940 legiones
437 3854 592 3919 deductae
609 3860 798 3937 secutusque
812 3856 879 3919 sint
893 3855 961 3919 eius
977 3855 1120 3937 auspicia
1136 3876 1171 3918 ac
1186 3853 1291 3930 fidem,

216 3996 316 4004 --.n—.-

177 4065 203 4131 1)
223 4062 377 4116 Frontinus
395 4062 446 4124 (ed
465 4063 612 4116 Buecheler
632 4066 712 4122 1858)
732 4065 1194 4118 ‹·.100.104.106.108.1·25.127sec
1214 4060 1291 4114 SCG.

106 4168 133 4203 u.
152 4154 201 4204 743
220 4153 266 4216 (11
286 4168 311 4203 o.
334 4148 374 4216 0.)
400 4149 431 4203 dc
450 4149 666 4217 aquaeductibus
685 4152 775 4217 rejert,
797 4165 908 4216 quorum
931 4166 1013 4200 uuum
1032 4149 1125 4215 recepi.
1146 4177 1179 4185 —
1198 4147 1226 4214 2)
1245 4146 1291 4216 [Iu

107 4237 193 4292 eotioe
212 4239 314 4291 omissa
332 4237 370 4292 od
387 4238 544 4291 senteutiam
565 4239 675 4305 expleri.
708 4235 759 4289 Tn.
781 4235 829 4306 u]
849 4266 882 4274 -
902 4237 929 4299 3)
948 4236 1029 4287 extra
1048 4233 1144 4287 urbem
1163 4233 1293 4285 excidisse

107 4325 187 4377 credit
206 4324 307 4378 Bueelr.
328 4354 361 4363 -
381 4325 409 4392 4)
427 4322 473 4378 Ila
495 4324 597 4377 Bacch.
613 4340 681 4392 pro:
701 4327 730 4377 et
749 4326 830 4376 extra
848 4322 954 4376 urbem.
975 4351 1005 4361 -
1026 4322 1053 4389 5)
1075 4321 1150 4372 Auru*
1169 4320 1219 4372 746
1237 4336 1293 4372 esse

107 4411 157 4464 SC.
197 4411 274 4466 (bus.
293 4411 325 4465 de
341 4411 368 4463 d.
386 4417 443 4466 uul.
460 4418 497 4465 :22
515 4412 587 4466 dicu.
629 4412 671 4478 Cf.
692 4411 766 4464 Suel.
786 4412 841 4464 (let.
860 4413 906 4472 31,
928 4408 984 4461 Dio
1002 4410 1121 4473 55,6,6.7.
1226 4427 1228 4431 ·
