2992 5040
1270 271 1333 340 Vll

156 455 205 519 ita
228 455 408 537 recognovi,
440 457 476 517 nt
499 456 655 536 qnatenus
687 452 768 516 liber
791 453 939 536 pervenit
963 454 1082 517 tradita
1105 454 1199 519 lectio
1221 455 1331 519 autin

158 577 298 641 ordinem
334 577 503 641 verborum
532 576 724 660 reciperetur
746 580 818 653 sut,
855 577 909 641 ubi
933 578 1048 661 expelli
1071 579 1191 658 debuit,
1215 601 1252 643 ex
1276 580 1332 644 ad·

161 701 326 766 notatione
350 701 382 766 id
404 699 649 784 intellegeretur.

242 822 366 888 Deinde
389 822 474 906 quod
498 823 582 887 inter
604 823 748 908 syllogae
770 823 866 889 huius
890 827 1059 910 praecipua
1074 827 1187 890 merita
1201 826 1274 904 fuit,
1298 828 1333 889 ut

157 946 306 1029 quotiens
321 946 424 1009 denuo
440 946 595 1025 ederetur,
618 946 768 1029 prodiret,
793 947 823 1011 id
842 948 926 1032 quod
944 949 1013 1032 ipse
1029 946 1186 1013 Brunsius
1202 952 1335 1034 quartae

159 1069 230 1133 iure
252 1067 466 1152 praescripsit,
490 1068 612 1132 auctior
635 1069 840 1149 emendatior,
863 1070 896 1135 id
919 1070 952 1134 in
971 1070 1084 1155 quinta
1099 1093 1158 1155 ego
1173 1071 1281 1136 curavi
1298 1076 1334 1135 ut

158 1193 324 1265 retineret,
349 1193 395 1256 ita
418 1196 534 1270 tamen,
558 1195 594 1255 ut
617 1191 808 1257 abstinerem
834 1193 873 1256 ab
897 1215 934 1256 ea
958 1194 1133 1270 oneranda;
1158 1193 1228 1278 ipsa
1249 1194 1332 1259 enim

163 1314 322 1379 brevitate
345 1336 403 1378 sua
426 1314 473 1377 rel
499 1315 635 1378 maxime
658 1319 690 1379 et
713 1316 794 1379 nitet
817 1321 850 1378 et
864 1316 1001 1399 prodest.
1036 1314 1167 1381 Praeter
1186 1316 1248 1381 duo
1264 1339 1333 1380 mo·

156 1443 321 1517 numenta,
345 1439 428 1522 legis
452 1438 588 1503 fortasse
605 1436 745 1503 Rubriae
760 1437 973 1524 fragmentum
995 1439 1175 1504 Atestinum
1193 1440 1237 1522 (p.
1256 1439 1332 1522 102)

157 1568 191 1628 et
213 1563 372 1627 decretum
398 1561 584 1645 pontificum
610 1564 655 1645 (p.
680 1562 767 1643 237),
797 1585 855 1645 pro
878 1567 1014 1646 quartae
1037 1563 1184 1627 editionis
1206 1562 1333 1647 supple·

153 1688 263 1749 mento
287 1707 306 1747 a
330 1707 380 1748 me
402 1706 544 1749 seorsum
569 1685 683 1748 emissa
706 1708 734 1749 a.
764 1684 857 1763 1881,
885 1686 960 1770 quid
984 1686 1015 1749 in
1041 1686 1100 1750 bac
1123 1685 1260 1750 editione
1283 1706 1334 1749 ac·

151 1807 294 1883 cesserit,
323 1829 361 1871 ex
384 1807 495 1871 tabula
516 1807 658 1871 subiecta
680 1813 895 1893 cognoscetur.

241 1929 350 1995 Edicti
378 1931 524 2015 perpetui
547 1930 703 2017 {reliquias
726 1953 796 1995 cum
821 1932 1053 2018 viderem'post
1075 1932 1220 2017 egregias
1242 1953 1332 1997 curas

156 2050 292 2121 (ilionis
317 2051 413 2122 [enei
439 2052 513 2134 (dus
534 2052 684 2117 Edictum
702 2059 895 2134 perpetuane,
926 2055 974 2116 <dir
1011 2052 1142 2117 Vere-uela
1163 2074 1203 2116 eu
1227 2053 1332 2118 dersur

159 2176 482 2259 ll'iederioerstellunp.
516 2175 641 2260 Lipsiae
667 2177 765 2259 1883)
801 2199 862 2240 non
896 2197 988 2260 posse
1011 2177 1126 2259 repeti,
1158 2179 1196 2239 ut
1217 2175 1332 2259 repeti·

159 2304 250 2365 verst
273 2299 440 2377 Brunsius,
465 2300 505 2364 ad
528 2302 740 2364 recensionem
766 2292 1018 2377 Rudortfianam,
1051 2299 1091 2364 ab
1115 2299 1184 2382 ipso
1206 2297 1334 2362 Lenelio

155 2422 339 2507 impetravi,
370 2429 407 2487 nt
430 2445 501 2487 eum
525 2422 665 2487 laborem
689 2424 721 2485 in
747 2444 780 2486 se
803 2422 965 2506 reciperet.
1012 2420 1142 2485 Praeter
1164 2442 1246 2498 eum,
1278 2419 1333 2502 qui
1443 2462 1445 2467 -

155 2548 226 2609 tam
256 2545 376 2630 insigni
406 2549 544 2610 tractatu
577 2545 694 2609 librum
725 2544 809 2609 hunc
840 2545 1019 2619 exornavit,
1050 2544 1144 2609 multi
1167 2543 1225 2606 viri
1249 2541 1332 2606 docti

153 2676 224 2732 tem
248 2668 406 2754 philologi
432 2690 527 2752 quam
554 2668 632 2731 iuris
659 2668 752 2751 periti
776 2673 808 2732 et
835 2667 962 2732 Brunsii
986 2689 1080 2731 causa
1102 2688 1192 2730 cerae
1213 2685 1331 2729 memo·

153 2792 225 2854 riae
249 2790 309 2853 viri
332 2794 365 2854 et
388 2812 457 2854 mea
479 2790 535 2854 alii
558 2790 630 2854 aliis
653 2790 729 2854 locis
753 2813 803 2854 me
829 2790 1030 2866 adiuverunt,
1055 2811 1188 2872 quorum
1204 2787 1334 2851 nomina

152 2914 223 2977 suis
247 2912 324 2978 locis
349 2916 551 2999 reperientur.

241 3032 280 3100 In
311 3036 381 3121 ipsa
412 3038 549 3102 editione
580 3039 720 3103 curanda
748 3037 895 3122 egregius
920 3034 1043 3100 iuvenis
1067 3031 1233 3101 Behrondi
1256 3030 1331 3099 Plck

149 3164 321 3224 strenuam
343 3165 376 3224 et
398 3159 558 3224 sollertem
581 3182 708 3243 operam
733 3159 812 3223 mihi
837 3158 1007 3243 praestitit.

237 3335 360 3419 Scripsi
385 3334 523 3399 Berolini
546 3334 575 3398 d.
600 3333 693 3399 XXII
718 3333 800 3399 Nor.

335 3478 362 3520 a.
386 3455 704 3525 Mucccuxxxvl.

927 3631 991 3702 ΤΗ.
1021 3631 1227 3702 Mouusnu.
