2992 5040
586 317 672 387 Leges
688 316 742 371 XII
760 317 932 373 tabularum.
1301 318 1341 381 21

166 515 282 557 uncino.
330 495 360 557 4.
392 492 425 558 Sr
449 517 538 558 venun
569 517 621 558 suo
645 517 751 559 vrvrro.
800 494 842 559 Νι
866 518 918 559 sno
941 518 1035 570 uun,
1067 519 1115 568 cur
1138 517 1197 560 uun
1220 516 1345 560 urrunnu

167 621 294 676 maran,
318 623 418 663 uranus
440 623 541 664 ruanis
564 623 637 664 nnnc
661 623 724 664 mus
749 623 833 665 nsuo·
879 598 912 665 sr
936 623 1036 679 votur,
1060 624 1130 666 raus
1157 624 1240 667 nsuo.

250 706 281 768 5.
331 704 454 769 Gellius
481 705 721 790 (20‚1‚4o-7):
758 707 839 770 Erat
870 710 976 771 autem
1011 707 1061 771 ius
1093 708 1214 773 interea
1243 706 1345 791 pacis·

167 808 255 873 cendi
276 832 314 874 ac
335 810 397 874 nisi
413 811 498 894 pacti
514 810 628 887 forent,
653 809 857 876 habebantur
881 812 914 875 in
931 812 1067 876 vinculis
1087 811 1152 876 dies
1168 812 1344 896 sexaginta.

167 912 253 978 Inter
279 936 333 979 eos
357 914 422 980 dies
444 915 538 980 trinis
561 916 715 980 nundinis
739 917 901 982 continuis
926 918 965 981 ad
989 921 1167 1000 praetorem
1189 917 1223 981 iu
1247 917 1345 982 comi·

168 1019 245 1083 tium
268 1020 533 1104 producebantur,
557 1025 760 1105 quantaeque
783 1021 936 1106 pecuniae
961 1020 1091 1086 iudicati
1116 1026 1229 1100 essent,
1252 1045 1345 1107 prae-

122 1132 126 1137 “
167 1123 340 1190 dicabatur.
386 1124 504 1190 Tertiis
534 1131 639 1191 autem
672 1126 824 1190 nundinio
854 1127 957 1210 capite
980 1148 1097 1211 poenas
1120 1126 1257 1206 dabant,
1288 1133 1345 1192 aut

168 1235 252 1294 trans
275 1229 418 1295 Tiberim
442 1252 573 1315 peregre
596 1251 713 1294 venum
733 1231 835 1294 ibant.

250 1337 281 1400 6.
328 1335 449 1400 Trerus
464 1357 597 1400 uuuouus
613 1358 714 1399 uaeris
730 1358 863 1400 sacrum.
894 1334 927 1400 Sr
943 1359 1014 1400 runs
1030 1357 1153 1399 urnusvn
1169 1358 1342 1412 sarnanum,

165 1463 195 1504 sa
218 1463 331 1504 unauna
353 1463 432 1504 asro.

249 1545 280 1609 7.
327 1545 483 1611 Anvunsus
507 1569 617 1611 nosunu
640 1569 771 1611 aurnuns
795 1568 971 1610 nuoronrrns
996 1543 1100 1632 [usr0].

618 1720 795 1788 TABULA
817 1720 893 1786 IIII.

252 1863 280 1925 l.
329 1861 434 1928 Cicero
458 1864 508 1947 (dc
531 1863 587 1946 lep.
611 1864 749 1943 3‚6,19):
783 1862 846 1925 cito
878 1865 1011 1925 necatus
1034 1864 1197 1943 tamquam
1220 1881 1258 1922 ex
1279 1854 1342 1922 XII

165 1966 280 2030 tabulis
303 1967 438 2050 insignis
462 1968 501 2032 ad
524 1966 764 2032 deformitatem
789 1988 876 2050 puer.

248 2074 278 2137 2.
314 2070 347 2137 S1
369 2095 460 2136 ranna
484 2096 582 2137 rnruu
605 2096 660 2136 nnn
677 2095 773 2136 vunnu
792 2094 890 2149 nourr,
914 2094 1011 2135 rrurus
1027 2093 1043 2133 n
1060 2093 1150 2134 rnrnr
1166 2093 1249 2134 urana
1264 2092 1340 2134 usro.

163 2299 258 2351 tionem
275 2297 406 2351 irade'tam
424 2307 515 2352 minora
534 2327 569 2337 -
588 2306 678 2352 mutere
696 2297 815 2365 defendit
836 2297 951 2362 Pttcbta,
971 2297 1039 2350 Inui.
1057 2300 1134 2362 §179
1153 2301 1206 2351 not.
1221 2296 1246 2360 s',·
1263 2293 1342 2349 verba

159 2385 337 2452 mutando
356 2392 460 2440 cerumet
473 2386 603 2454 plerique.
644 2386 706 2448 Hc..
728 2385 834 2438 Netum
849 2401 878 2452 p.
898 2387 941 2447 38,
961 2401 987 2437 u.
1008 2385 1070 2435 100.

230 2482 255 2524 4.
278 2487 332 2540 pro
351 2480 423 2526 farris
441 2473 505 2526 libri
523 2482 589 2529 ferri.
619 2505 652 2513 -
674 2472 715 2542 Cf.
737 2473 799 2527 Gai.
822 2473 867 2526 lib.
888 2472 923 2526 H
939 2472 976 2526 ad
995 2473 1012 2525 l.
1034 2470 1101 2524 XII
1116 2471 1169 2525 iub.
1190 2469 1238 2539 (D.
1256 2472 1341 2536 50‚16,

161 2560 263 2625 emt:
281 2565 390 2612 Verbum
408 2568 489 2613 rivere
507 2569 605 2629 quidam
624 2573 712 2629 putant
732 2569 764 2613 ad
784 2568 864 2613 oibum
883 2569 1012 2627 pertinere,
1033 2567 1075 2611 sed
1086 2565 1169 2612 Ofilius
1188 2587 1222 2596 -
1241 2565 1284 2619 ait,
1304 2565 1341 2609 hir

162 2653 239 2699 rerbIs
260 2658 287 2698 et
305 2655 452 2699 vestimenta
471 2658 496 2698 et
514 2660 652 2700 stramenta
670 2656 798 2701 contineri.

232 2743 256 2786 6.
293 2731 362 2787 Geli.
389 2728 598 2800 (20‚1,48-52J:
628 2756 682 2787 eam
709 2742 798 2802 eapitIs
822 2755 925 2802 poenam
947 2764 977 2773 -
999 2741 1153 2786 metuendam
1177 2739 1341 2786 reddiderunt.

162 2827 223 2872 Num
237 2849 272 2860 -
284 2841 376 2882 secure,
396 2829 417 2873 si
435 2829 534 2884 vellent,
554 2835 631 2891 atque
643 2831 729 2892 partiri
748 2843 833 2889 eorpus
853 2831 944 2876 addicti
957 2852 988 2861 -
1004 2830 1173 2889 permiserunt.
1201 2829 1233 2874 Et
1245 2827 1341 2888 quidem

160 2916 234 2961 rerba
253 2917 307 2976 ipsu
325 2917 387 2973 legis
407 2917 493 2972 divam,
522 2931 552 2962 ne
572 2917 696 2962 existimes
716 2918 832 2962 invidium
852 2931 889 2962 me
909 2918 980 2962 istam
1000 2918 1063 2961 forte
1081 2914 1226 2961 formidare:
1255 2913 1340 2960 ‘tertiis

162 3023 193 3032 -
212 3002 282 3049 esto'.
303 3025 335 3035 —
356 2994 398 3063 Cf.
420 2995 488 3049 Geli.
508 2997 525 3052 l.
540 3014 560 3052 c.
580 3000 630 3050 52:
648 3006 778 3051 dtuseotum
797 3019 850 3051 esse
870 3006 1005 3066 antiquitus
1024 3008 1143 3050 neminem
1162 3003 1273 3064 equidem
1293 3005 1341 3062 tegi

160 3102 238 3151 neque
257 3089 348 3136 audiri.
367 3112 402 3122 —
421 3083 526 3152 Quinti.
545 3087 650 3150 3,6,84:
668 3093 694 3137 tu
706 3092 758 3139 XII
770 3091 823 3138 tab.
842 3092 957 3138 debitoris
977 3104 1062 3150 corpur
1081 3093 1143 3136 tuter
1156 3090 1285 3136 creditores
1304 3091 1340 3134 di·

159 3177 207 3222 vidi
228 3178 304 3229 ltcuit.
323 3190 396 3238 quam
415 3179 495 3236 legem
516 3192 566 3224 mos
586 3179 696 3240 publicus
719 3181 865 3240 repudiarit.
905 3171 1015 3226 Tertull.
1034 3171 1102 3239 apol.
1122 3175 1153 3224 4:
1179 3179 1297 3223 iudicatos
1316 3178 1339 3222 in

160 3272 241 3325 partes
261 3267 341 3310 secari
360 3281 375 3311 a
392 3267 552 3312 oreditoribus
572 3269 639 3325 leges
659 3272 742 3313 arsut:
762 3282 880 3313 consensu
900 3275 981 3313 tamen
1002 3265 1098 3328 publico
1111 3267 1241 3312 crudelitas
1254 3270 1340 3326 postea

159 3366 230 3397 erasa
248 3359 295 3401 est.
332 3345 389 3399 Dio
402 3345 474 3401 Coeo.
492 3346 591 3416 freyen.
606 3351 654 3401 12.-
674 3354 751 3400 τοῦτο
770 3351 817 3414 μὲν
836 3353 859 3400 et
875 3353 922 3400 aet
938 3350 971 3399 τὰ
984 3350 1094 3414 μάλιστα
1105 3351 1259 3412 taenearum,
1278 3347 1340 3399 ἀλλ’

159 3436 189 3484 οὔ
207 3437 233 3484 τί
252 3438 349 3500 γεκαὶ
368 3437 438 3502 ἔργῳ
458 3439 523 3487 ποτὲ
542 3439 671 3503 ἐγεγόνει.
698 3465 732 3474 -
757 3435 844 3488 Mutet
864 3434 896 3488 de
914 3435 1044 3488 bonorum
1061 3435 1175 3494 tectione
1192 3434 1340 3504 iatetleyere

158 3521 252 3573 rotant
269 3520 341 3574 boue
358 3521 445 3589 leuem,
465 3537 531 3589 quoe
548 3523 643 3575 merito
659 3521 821 3590 perstrenue
839 3521 969 3587 Niebuhr,
988 3525 1054 3574 rim.
1067 3520 1160 3575 Geacb.
1178 3524 1338 3584 atto-72.

160 3607 202 3675 CJ'.
223 3607 337 3675 Pucittffl
357 3609 423 3663 Iust.
443 3613 541 3674 §.179‚
560 3616 616 3664 not.
636 3628 662 3664 u.

228 3700 253 3748 t.
284 3694 336 3749 Cio.
357 3696 397 3762 (de
414 3696 461 3764 off.
480 3698 591 3766 1,12,37)
617 3698 648 3750 ia
666 3698 723 3750 loco
741 3713 824 3765 supra
843 3696 885 3759 Π,
905 3700 924 3749 2
947 3698 1084 3764 exempto
1101 3696 1192 3750 addit:
1220 3707 1338 3766 itemque:

157 3785 283 3833 ‘adversus
301 3809 337 3821 —
355 3789 508 3835 auotoritas'.
1005 3774 1010 3786 ’

227 3874 273 3922 1v.
296 3877 319 3920 1.
346 3881 446 3922 necatus
465 3868 611 3935 Puteanus,
632 3879 728 3934 togatus
747 3869 818 3922 libri.
841 3897 876 3906 -
898 3868 939 3935 Cf.
958 3884 1043 3937 suma
1061 3868 1125 3938 Leq·
1146 3869 1223 3922 Rom.
1243 3874 1281 3923 11.

230 3964 252 4008 ².
286 3953 346 4024 Uip.
366 3955 514 4025 tsr.10,1):
535 3965 598 4010 fitius
622 3970 659 4010 tor
679 3966 847 4024 mancipatus,
876 3970 915 4009 ter
933 3964 1095 4010 manumissus
1114 3965 1152 4009 sui
1170 3965 1228 4010 iuris
1248 3967 1287 4020 fit,
1313 3965 1338 4010 td

155 4051 220 4096 enim
239 4052 280 4095 tex
299 4050 351 4096 XII
369 4051 422 4097 tab.
441 4051 508 4096 iubet
526 4051 562 4096 his
582 4051 676 4097 varbts:
704 4051 731 4096 ‘si
750 4056 820 4112 pater
839 4073 875 4083 -
893 4051 961 4097 esto’.
998 4044 1059 4098 Gai.
1080 4044 1189 4113 (1‚132):
1216 4055 1256 4098 lex
1275 4054 1336 4098 euim

156 4137 207 4184 XII
219 4138 272 4183 tab.
291 4144 389 4184 tantum
407 4140 434 4209 iq
450 4152 552 4200 persona
571 4140 613 4184 titii
633 4140 662 4184 de
684 4139 761 4185 tribus
780 4139 1003 4200 munoIpatIonibus
1023 4140 1129 4198 loquitur
1147 4139 1184 4183 hta
1197 4139 1288 4185 verbIs:
1310 4139 1338 4184 ‘si

156 4232 226 4287 pater
244 4245 278 4256 -
298 4238 314 4268 a
332 4231 403 4285 patro
423 4226 485 4270 uuus
505 4227 566 4272 liber
585 4228 654 4272 esto'.
675 4249 706 4259 -
726 4241 814 4273 uenum
828 4227 898 4272 dauit
923 4218 1037 4288 Ulpiani
1054 4220 1127 4285 liber,
1146 4241 1234 4273 uenum
1247 4219 1337 4289 quui)

154 4305 224 4374 Gur}
240 4306 273 4359 de
286 4302 383 4368 futuro
396 4305 444 4358 boc
455 4307 569 4359 secundo
581 4307 650 4360 dicu
664 4306 776 4360 Seboett.
791 4324 818 4374 p.
831 4309 875 4359 83.
897 4334 933 4344 -
952 4305 994 4372 Cf.
1011 4306 1066 4360 Gai
1076 4311 1145 4372 4,79.
1172 4305 1253 4359 Dion.
1265 4310 1336 4373 227,

149 4401 293 4463 postquam
312 4393 384 4446 duait
401 4393 456 4446 inm
474 4411 491 4446 a
506 4393 620 4447 Rumqu
639 4395 668 4463 (t.
681 4399 725 4461 10)
743 4394 975 4447 buccuuate‘tutum
988 4411 1049 4457 eoae,
1074 4394 1166 4447 addit:
1184 4402 1273 4446 τοῦτον
1292 4399 1337 4447 τὸν
