2992 5040
472 315 569 375 Varro.
590 316 624 368 de
643 314 742 384 lingua
762 313 871 371 Latina,
892 312 910 367 l.
932 312 962 365 V.
1268 312 1310 375 55

128 515 204 556 narn
230 515 286 575 per
308 493 367 556 hos
391 492 498 568 fiebat,
523 495 559 554 ut
582 491 703 554 iustum
725 491 946 572 conciperetur
962 489 1093 565 belluni,
1118 494 1150 552 et
1167 486 1238 551 ubi¹
1257 487 1311 550 de·

130 599 240 675 situm,
264 603 301 662 ut
322 599 450 662 foedere
473 597 551 662 fides
575 597 662 681 pacis
685 596 942 660 constitueretur.
990 595 1039 658 Ex
1061 593 1112 656 his
1136 592 1311 656 mitteban-

130 709 193 779 tur,
218 709 391 788 antequam
414 703 644 787 conciperetur,
669 702 723 785 qui
741 724 790 765 res
806 706 996 784 repeterent,
1019 704 1052 763 et
1066 720 1123 781 per
1139 698 1197 762 hos
1214 698 1311 761 etiam

132 831 216 873 nunc
239 809 277 873 fit
300 808 422 884 foedus,
447 809 530 892 quod
554 809 656 872 ‘fidus'
681 807 805 871 Ennius
828 805 940 869 scribit
963 802 1110 867 dictum2.

219 916 270 978 95.
307 912 448 978 Pecus
483 914 523 977 ab
556 936 607 991 eo,
642 914 725 997 quod
760 911 1000 996 permiscebant,
1033 932 1138 993 aquo
1162 907 1310 991 pecunia³

133 1019 292 1098 universa,
316 1019 400 1102 quod
424 1019 457 1082 in
482 1041 593 1102 pecore
616 1019 749 1103 pecunia
773 1023 840 1081 tum
859 1017 1041 1100 pastoribus
1057 1013 1262 1089 consistebat,
1282 1018 1314 1076 et

132 1125 238 1188 standi
263 1125 507 1189 fundamentum
534 1145 653 1207 pes-
678 1146 696 1186 a
720 1124 798 1205 pede
815 1123 965 1206 pecudem
982 1119 1196 1205 appellarunt,
1220 1122 1257 1180 ut
1272 1116 1313 1181 ab

132 1229 241 1293 eodem
265 1229 408 1312 pedicam
432 1234 465 1292 et
488 1229 693 1312 pedisequum
718 1233 750 1291 et
773 1228 963 1311 peculiares⁴
987 1248 1061 1290 oves
1078 1226 1204 1289 aliudve
1219 1223 1312 1307 quid:

132 1333 163 1396 id
188 1334 272 1396 enim
297 1333 455 1417 peculium
473 1335 627 1416 prinrum3
652 1332 726 1395 hinc
742 1332 944 1414 ‘peculatum'
963 1331 1126 1415 publicum
1145 1327 1313 1412 [furtuml]

134 1437 238 1520 primo
272 1437 330 1500 ut⁶
361 1460 432 1501 curn
467 1459 578 1521 pecore
611 1438 768 1501 diceretur
791 1437 906 1513 multa,
939 1445 970 1499 et
993 1436 1025 1500 id
1048 1435 1146 1499 esset⁷
1170 1437 1314 1498 coactum

133 1544 165 1605 in
190 1541 365 1626 publicum,
389 1543 417 1607 si
439 1549 509 1607 erat
532 1542 705 1607 aversum⁸.

221 1647 293 1714 140.
333 1653 494 1714 Arcera
519 1685 557 1694 —
583 1649 678 1713 etiam
702 1649 735 1711 in
759 1645 823 1711 XII
847 1648 981 1711 tabulis⁰
1005 1646 1205 1731 appellatur:
1229 1643 1313 1728 quod

134 1775 172 1815 ex
198 1753 317 1817 tabulis
341 1754 522 1818 vehiculum
547 1759 615 1817 erat
640 1753 770 1826 lactum,
797 1758 832 1815 nt
856 1758 982 1828 arca¹⁰‚
1009 1774 1116 1815 arcera
1139 1751 1269 1812 dictum.

224 1861 295 1922 145.
332 1859 402 1935 Quo
426 1860 609 1924 conferrent
632 1881 705 1922 suas
729 1859 961 1924 controversias
985 1864 1016 1921 et
1040 1856 1308 1942 5555555155ιι

134 1963 253 2027 vellent
276 1986 339 2047 quo
362 1964 493 2042 ferrent,
517 1965 622 2028 forum
648 1968 860 2050 appellarunt.

223 2070 294 2133 155.
328 2068 552 2135 Comitium
578 2070 618 2134 ab
642 2094 688 2149 en,
713 2075 796 2156 quod
821 2073 952 2138 coibant
975 2097 1011 2137 eo
1028 2074 1165 2137 comitiis
1181 2072 1312 2138 curiatis

133 2177 165 2237 et
187 2173 295 2239 litium
318 2182 467 2239 causa¹².¹
513 2176 667 2240 Curiae
690 2178 823 2242 duorum
841 2201 1011 2264 generunu
1036 2204 1109 2243 nam
1134 2185 1166 2244 et
1182 2180 1235 2242 ubi
1260 2200 1312 2243 cu·

133 2283 244 2343 555551
265 2280 444 2344 sacerdotes
469 2302 517 2344 res
541 2280 674 2359 divinas,
706 2289 741 2346 ut
765 2284 871 2347 curiae
896 2289 1026 2359 veteres,
1051 2289 1083 2347 et
1107 2284 1161 2347 ubi
1184 2288 1313 2347 senatus

134 2383 308 2461 humanas,
343 2390 379 2448 ut
402 2386 490 2448 curia
514 2384 664 2465 Hostilia,
700 2389 783 2472 quod
809 2390 929 2472 primus
952 2391 1132 2455 aedificavit
1156 2388 1314 2452 Hostilius

134 2511 197 2553 rex.
245 2489 331 2554 Ante
363 2490 444 2554 hanc
477 2497 582 2555 rostra
608 2529 663 2570 -,
697 2493 755 2556 sub
780 2494 892 2558 dextra
915 2495 1008 2559 huius
1032 2520 1051 2559 a
1074 2495 1204 2560 comitio
1227 2495 1314 2557 locus

134 2594 345 2670 substractus,
380 2596 434 2658 ubi
458 2597 624 2661 nationum
649 2598 860 2663 subsisterent
883 2600 993 2683 legati,
1025 2601 1079 2683 qui
1104 2600 1142 2663 ad
1167 2603 1313 2662 senatum

134 2705 238 2763 essent
261 2700 365 2777 missi;
390 2702 418 2764 is
434 2701 651 2767 Graecostasis
675 2704 853 2787 appellatus
877 2712 1012 2788 aparte,
1037 2712 1073 2768 ut
1090 2705 1201 2769 multa.
1241 2704 1311 2766 156.

134 2806 392 2871 senaculum
415 2831 512 2891 supra
528 2807 760 2872 Graecostasim
772 2833 843 2899 ;·-
868 2816 1026 2887 vocaturn,
1044 2811 1097 2874 ubi
1114 2815 1243 2873 senatus
1259 2811 1314 2870 aut

134 2909 188 2972 ubi
210 2911 349 2975 seniores
373 2913 583 2977 consisterent

222 3017 295 3081 162.
335 3015 400 3081 Ubi
431 3020 604 3095 deflabant,
640 3021 882 3084 cenaculum
913 3021 1112 3095 vocitabant,
1148 3026 1183 3081 ut
1215 3020 1313 3081 etiam

135 3144 218 3186 nunc
247 3122 369 3186 Lanuvi
402 3124 484 3206 apud
509 3126 616 3189 nedem
641 3124 773 3190 Iunonis
804 3128 891 3190 etin
915 3134 1022 3190 cetero
1045 3126 1138 3190 Latio
1162 3148 1197 3188 ac
1222 3121 1313 3186 Fale-

134 3228 189 3291 riis
213 3232 246 3291 et
268 3227 435 3293 Cordubae
458 3230 616 3295 dicuntur.
666 3231 876 3316 Posteaquam
905 3233 937 3294 in
962 3232 1125 3314 superiore
1148 3235 1239 3312 parte
1263 3250 1313 3291 ce·

134 3333 236 3396 511555
260 3340 442 3416 coeperunt,
466 3336 639 3418 superioris
664 3338 775 3402 domus
800 3338 947 3401 universa
970 3335 1119 3400 cenacula
1142 3335 1280 3398 dicta¹³.

224 3439 296 3503 163.
334 3440 396 3503 Aes
421 3443 572 3505 raudus
596 3444 732 3515 dictum3
757 3466 795 3506 ex
818 3447 895 3506 e0¹⁴
922 3441 1082 3506 veteribus
1099 3441 1129 3502 in
1147 3439 1313 3521 mancipiis

135 3545 304 3628 scriptum:
329 3545 531 3609 ‘raudusculo
556 3547 668 3610 libram
694 3548 809 3611 ferito!

205 3788 231 3855 1)
248 3785 298 3839 ubi
316 3788 351 3839 A.
372 3786 492 3854 Speupel,
519 3787 583 3839 inde
603 3786 636 3839 F.
657 3816 688 3824 -
708 3787 735 3856 2)
756 3787 799 3855 Cf.
820 3788 892 3840 Nou.
915 3788 1043 3844 l'etiales.
1064 3820 1088 3827 -
1116 3788 1142 3851 3)
1160 3790 1199 3840 sic
1218 3789 1312 3855 Aupu·

133 3876 228 3940 511555,
254 3890 355 3943 pecora
374 3873 407 3926 F.
437 3903 468 3911 -
498 3877 526 3941 1)
544 3877 583 3928 sr'c
604 3878 636 3927 A.
656 3874 777 3943 Spartaci,
805 3877 996 3945 peculatoriae
1017 3877 1050 3941 F,
1077 3875 1189 3944 peculia
1207 3873 1261 3929 tori
1282 3889 1314 3925 ac

135 3960 259 4014 11551155.
288 3991 320 3999 -
348 3962 376 4026 5)
396 3960 503 4013 furlum
524 3978 572 4013 oru.
594 3961 627 4013 F.
656 3992 686 4000 -·
715 3965 742 4031 6)
763 3963 808 4031 51]
826 3966 887 4015 turn
908 3964 1030 4018 Mueller.
1056 3994 1078 4001 -
1104 3965 1131 4029 7)
1150 3978 1206 4015 esse
1226 3960 1260 4015 F.
1280 3989 1313 3999 -

133 4049 159 4115 8)
186 4047 230 4101 De
254 4048 312 4101 loco
335 4049 433 4101 errreud.
460 4065 481 4100 5.
503 4048 568 4101 Mae
600 4050 630 4101 iu
648 4051 724 4115 alia,
752 4050 878 4111 1551155,
905 4050 957 4103 Ru.
979 4051 1050 4103 illics.
1071 4054 1155 4118 6,]011,
1193 4048 1313 4116 &perisset

135 4135 246 4189 [11115511.
265 4137 345 4189 adad.
364 4137 434 4188 ,lon
455 4141 537 4199 TAM).
579 4137 1171 4205 ’115151515151111)11“1.1855)5624.
1209 4136 1253 4188 De
1269 4151 1313 4202 pe·

132 4224 224 4277 551515
244 4222 279 4289 cf.
300 4222 371 4275 Fae.
392 4222 549 4277 Peculatus.
572 4254 607 4263 -
629 4228 656 4291 9)
678 4225 977 4292 5.1551.1)1.18151.
998 4225 1047 4289 1‚3.
1069 4254 1100 4262 -
1124 4224 1165 4289 10)
1185 4238 1265 4275 arcar
1279 4221 1313 4274 F·

133 4339 166 4351 -
190 4313 232 4376 11)
251 4311 439 4365 penderentur
459 4311 492 4364 F.
518 4343 552 4351 -
583 4313 623 4380 12)
643 4329 742 4366 causae
761 4312 795 4366 F.
816 4344 849 4351 -
870 4314 914 4380 13)
934 4312 975 4378 Cf.
996 4311 1067 4364 cht.
1090 4309 1236 4365 (tenacula.
1275 4309 1313 4362 D.

131 4402 271 4466 43,17,3‚7.
295 4430 321 4436 -
347 4400 390 4466 11)
408 4400 437 4452 15
458 4402 499 4452 ina
520 4400 553 4454 F.
