2992 5040
554 323 639 391 begae
659 322 711 377 xil
729 323 901 378 tabularum.
1268 327 1310 391 37

218 499 248 563 8.
275 548 332 564 ...
356 523 427 564 NEVE
450 523 549 564 AURL'M
574 523 687 564 lnoffo.
734 525 770 565 ΔΤ
793 525 839 566 CUI
866 525 943 567 Auso
962 526 1068 567 IJENTES
1083 527 1180 568 IUNCTI
1196 527 1312 569 aseclis.

129 625 182 666 ssr
202 626 235 666 nr
256 627 315 667 cuu
336 627 399 668 nuo
421 628 552 669 seranus
576 628 696 682 uucrvu,
723 630 754 670 ss
779 630 890 671 saluos
916 631 993 672 asro.

217 708 248 773 9.
297 708 401 774 Oicero
426 709 475 793 (de
496 711 550 792 lep.
574 711 739 795 2,24‚61):
767 734 881 797 rogum
906 713 1076 778 bustumve
1091 736 1209 778 novum
1226 718 1312 779 vetat

130 814 260 898 propius
283 811 338 878 LX
362 815 456 898 pedes
477 815 565 898 adigi
588 815 679 880 aedes
704 815 825 880 alienas
849 817 953 882 invito
977 817 1115 882 domino.

220 921 270 984 10.
319 918 422 984 Oiccro
447 918 694 1004 (le9.2,24,61):
719 920 827 986 forum
851 923 1022 987 bustumve
1046 945 1104 987 usu
1120 923 1190 1006 capi
1214 927 1308 988 vetat.

593 1093 768 1161 TABULA
795 1096 851 1162 xl.

217 1235 245 1297 1.
295 1231 400 1298 Cicero
429 1233 479 1316 (de
508 1255 573 1314 rep.
596 1235 761 1318 2,36.37):
798 1235 1002 1320 (Decemviri)
1036 1259 1107 1302 curn
1131 1236 1161 1302 X
1184 1235 1309 1301 tabulas

129 1359 253 1402 summa
276 1339 384 1420 legum
406 1338 567 1422 aequitate
590 1340 826 1424 prudentiaque
849 1341 1118 1425 conscripsissent,
1143 1341 1175 1405 in
1191 1364 1309 1406 aunum

130 1448 292 1526 posterum
324 1441 441 1506 Xviros
470 1442 554 1506 alios
585 1443 856 1528 subrogaverunt,
890 1483 933 1494 -
963 1447 1018 1530 qui
1047 1445 1169 1511 duabus
1192 1446 1309 1510 tabulis

129 1548 311 1631 iniquarum
339 1547 448 1631 legum
471 1548 588 1612 additis
615 1547 816 1613 conubia-
840 1555 939 1615 utne
962 1549 1047 1634 plebi
1071 1573 1142 1615 cum
1166 1551 1309 1634 patribus

129 1657 242 1729 essent,
267 1651 531 1716 inhumanissima
553 1652 626 1736 lege
650 1659 836 1719 sanxerunt.

215 1760 244 1821 2.
295 1758 480 1822 Macrobius
505 1761 577 1837 (sat.
601 1758 759 1842 1‚13,21):
783 1758 961 1823 Tuditanus
984 1759 1091 1836 refert,
1115 1795 1158 1804 -
1181 1757 1307 1836 Xuiros,

127 1864 182 1946 qui
205 1861 325 1927 tabulis
349 1864 426 1927 duas
450 1863 652 1939 addiderunt,
688 1863 726 1927 de
750 1863 967 1928 intercalando
993 1865 1144 1948 populum
1170 1885 1307 1950 rogasse.

129 1967 255 2032 Cassius
278 1967 404 2032 eosdem
427 1968 539 2032 scribit
564 1973 718 2033 auctores.

196 2133 220 2177 8.
258 2124 312 2177 Cic.
334 2123 377 2190 (de
395 2125 442 2193 leq.
460 2126 597 2190 2,24,60).·
617 2131 669 2184 Qua
688 2133 712 2176 iu
730 2132 785 2187 lego
803 2144 856 2176 eum
876 2139 953 2178 esset:
974 2131 1041 2179 ‘nera
1061 2156 1094 2166 ·-
1115 2134 1215 2187 addita',
1235 2148 1308 2195 quam

125 2218 230 2264 humans
255 2218 363 2279 excipiat
386 2219 464 2264 altera
483 2220 522 2263 lex
552 2213 700 2284 [intellegite
722 2216 837 2262 nimirum
855 2210 987 2265 cimils'ctve
1004 2213 1170 2268 exciderunt.
1199 2222 1245 2266 Tu.
1265 2215 1308 2278 bt]

125 2307 249 2365 praecepit
268 2307 348 2350 altera
367 2307 437 2363 lege:
457 2306 491 2351 ‘at
510 2301 550 2367 (ut
569 2299 643 2365 liba)
663 2305 702 2351 eui
720 2320 744 2350 a.
755 2306 778 2349 d.
797 2305 872 2350 iuncti
892 2313 976 2352 escunt
994 2303 1087 2366 (essem
1105 2302 1179 2369 libre)
1194 2331 1223 2340 -
1238 2309 1307 2355 esto'.

194 2395 217 2437 t.
241 2395 280 2439 la.
319 2383 372 2439 Ot'c.
392 2384 495 2454 (deley.
514 2388 647 2452 2,24,61):
670 2393 738 2438 Duae
756 2397 813 2436 suut
831 2397 962 2451 praeterea
980 2396 1046 2452 leges
1066 2396 1095 2440 de
1106 2397 1229 2456 sepulcris,
1248 2409 1307 2456 qua·

124 2493 176 2523 rum
201 2481 282 2524 ultera
305 2480 453 2538 privatorum
472 2480 594 2534 aedificiis,
630 2481 710 2524 ultera
730 2479 787 2539 ipsis
806 2479 922 2538 sepulcris
940 2486 1024 2538 esvet;
1051 2495 1108 2528 uam
1129 2483 1193 2543 quod
1215 2481 1307 2540 ‘rogum

124 2589 158 2598 —
177 2567 289 2619 domiuo',
309 2591 341 2597 —
362 2568 434 2626 pedes
453 2567 519 2624 adigi
537 2560 576 2612 tic
594 2558 756 2627 Madript'us,
778 2566 840 2611 adici
860 2559 924 2612 libri
942 2582 964 2612 a.
975 2583 998 2615 a.
1018 2569 1093 2614 invito
1113 2570 1208 2614 domino
1227 2570 1307 2615 inesa-

124 2655 188 2699 diuru
207 2660 306 2700 veretur
326 2654 452 2709 acerbum3
472 2653 536 2713 quod
561 2661 643 2699 autern
667 2654 752 2706 lorum,
771 2653 797 2700 id
818 2657 856 2699 est
878 2655 1025 2701 vestibulum
1048 2657 1160 2717 sepulcri,
1179 2656 1307 2702 bustumve

125 2743 223 2801 usucapi
241 2747 318 2797 vetat,
338 2747 421 2785 tuetur
439 2742 476 2785 ius
497 2743 669 2802 sepulcrorum.
707 2732 779 2786 Βᾶθι.
800 2733 845 2799 (Ρ.
866 2737 912 2795 84)
940 2743 1028 2789 Forum
1052 2758 1095 2789 sex
1119 2744 1194 2789 modis
1212 2744 1308 2790 intelle·

123 2829 201 2886 gitur:
220 2829 298 2888 primo
317 2830 488 2887 negotiationis
507 2832 572 2875 locus
590 2846 633 2886 -;
654 2830 713 2884 alie,
733 2831 756 2874 iu
770 2843 817 2889 quo
836 2830 926 2875 iudicia
937 2832 997 2885 fieri,
1017 2845 1070 2877 cum
1085 2832 1173 2893 populo
1186 2833 1234 2890 agi,
1252 2846 1307 2877 con·

124 2917 199 2961 tieuss
219 2916 305 2962 lrabsri
324 2918 415 2973 solent3
445 2918 524 2973 tertio,
544 2929 600 2962 eum
618 2919 646 2972 is,
667 2917 708 2978 qui
733 2917 870 2976 provincias
895 2923 1000 2976 praeest,
1019 2919 1095 2964 lorum
1116 2931 1188 2975 agere
1211 2918 1305 2974 dieitur,

121 3019 175 3050 eum
201 3006 315 3052 civitates
339 3013 411 3051 vocat
435 3011 460 3050 et
485 3005 515 3049 de
535 3005 708 3051 controversiis
737 3017 818 3049 aarum
836 3007 969 3062 cognoscit,
998 3012 1093 3065 quarto,
1113 3018 1167 3049 cum
1186 3005 1210 3049 id
1229 3005 1306 3050 lorum

121 3093 216 3152 antiqui
242 3093 415 3153 appellabant,
445 3092 509 3154 quod
538 3105 600 3137 uuus
627 3091 774 3136 vestibulum
802 3093 906 3152 sepulcri
929 3092 1004 3137 dicari
1028 3093 1089 3137 solat
1111 3091 1157 3140 cet.
1196 3084 1240 3151 (P.
1258 3087 1305 3148 32)

123 3179 223 3224 bustum
242 3181 338 3240 propria
357 3179 445 3225 dicitur
463 3181 536 3231 loeus,
556 3180 580 3223 in
595 3193 643 3240 que
661 3184 768 3224 mortuus
786 3178 976 3224 astacombustus
996 3188 1021 3224 et
1033 3181 1151 3239 sepultus,
1171 3179 1306 3239 diciturque

122 3266 219 3312 bustum
239 3267 311 3328 quasi
331 3267 392 3313 bene
411 3271 492 3311 ustum
511 3260 583 3324 (bene
596 3267 687 3311 iustum
703 3257 763 3327 Μ),
782 3266 823 3311 ubi
842 3266 1046 3312 verosombustue
1065 3267 1118 3327 quis
1132 3266 1306 3320 tautummodo,

121 3356 179 3399 alibi
200 3369 258 3400 sero
277 3360 315 3400 sst
333 3357 449 3416 sepultus,
470 3355 490 3399 is
510 3357 575 3400 loeus
595 3355 625 3399 ab
638 3355 730 3399 urendo
749 3353 843 3399 ustrina
861 3350 963 3408 (ostrina
976 3343 1027 3412 Μ.)
1047 3357 1159 3410 rocatur3
1178 3354 1221 3398 sed
1235 3353 1304 3399 modo

121 3442 196 3488 busta
216 3442 298 3495 (morlo
318 3442 406 3488 obusta
424 3436 470 3504 Μ.)
489 3445 599 3504 sepulcra
618 3445 780 3503 appellamus.

191 3529 235 3574 XI.
257 3531 279 3573 l.
319 3521 360 3590 Cf.
380 3521 461 3575 Dion.
482 3523 582 3591 (10,60)
597 3542 606 3574 .·
624 3528 648 3574 οἰ
668 3526 697 3574 δὲ
716 3527 773 3588 περὶ
792 3526 835 3574 τὸν
854 3522 968 3574 Ἄππιον
986 3525 1046 3585 τοὺς
1064 3525 1172 3585 λοιποὺς
1191 3525 1305 3590 συγγρά-

120 3615 217 3675 ψαντες
235 3614 331 3675 νόμους
349 3613 377 3661 ὲν
395 3613 497 3673 δέλτοις
515 3614 571 3662 bost
593 3616 639 3661 erat
658 3613 756 3674 ταῦτας
782 3618 839 3673 ταῖς
858 3615 982 3675 πρότερον
1002 3611 1195 3676 ἑξενεχθείσαις
1214 3614 1305 3674 πρόσε-

118 3699 225 3762 benur
251 3699 280 3747 tv
299 3694 342 3759 αῖς
365 3702 410 3748 καὶ
430 3700 474 3748 tua
494 3700 508 3748 ὁ
529 3701 608 3762 νόμος
625 3694 665 3763 ἧν,
694 3700 729 3762 μὴ
751 3700 847 3758 ἐξεῖναι
864 3705 917 3760 τοῖς
935 3701 1079 3763 πατρικίοις
1096 3700 1162 3762 πρὸς
1180 3699 1241 3760 τοὺς
1260 3700 1305 3763 δη-

117 3788 245 3851 μοτικοὺς
270 3788 412 3850 ἐπιγαμίας
430 3788 552 3850 συνάψαι.
592 3784 653 3837 Lr'o.
675 3787 787 3849 (4,4,5):
813 3791 864 3836 Hoc
882 3793 973 3851 ipsum,
999 3806 1029 3837 ne
1048 3791 1176 3838 cenubium
1195 3790 1305 3851 patribus

117 3893 172 3925 eum
196 3880 267 3940 plebs
294 3885 370 3933 esest,
397 3893 444 3924 noa
468 3879 537 3924 Xuiri
567 3881 675 3924 tulerunt
702 3879 786 3936 paucis
814 3877 850 3922 bis
869 3879 938 3921 anuis
957 3881 1060 3938 pessimo
1079 3880 1190 3939 exemplo
1210 3877 1305 3938 publleo

117 3982 171 4013 sum
194 3981 290 4012 summa
313 3967 401 4013 iniuria
427 3967 521 4028 plebisl
558 3958 619 4012 Gai.
645 3960 662 4012 l.
687 3958 727 4011 Vl
759 3958 797 4011 ad
818 3956 884 4009 XII
910 3956 960 4024 (D.
980 3961 1145 4024 50,16,238):
1174 3965 1247 4011 Plebs
1266 3972 1305 4010 est

116 4057 192 4101 ceteri
210 4056 275 4101 eires
295 4056 346 4100 sius
365 4053 525 4101 senatoribus.

187 4144 210 4188 2.
248 4133 386 4188 Macrobii
408 4135 495 4188 locam
519 4153 536 4187 a
555 4134 633 4189 Gora
653 4141 678 4187 et
697 4134 784 4187 Diris.
804 4135 928 4187 reiectum
946 4132 1094 4186 claudicavit
1112 4133 1174 4186 lrar'c
1194 4133 1305 4186 tabulae

116 4223 173 4277 Mo.
194 4222 292 4277 caron.
305 4226 415 4289 31,·210;
435 4222 463 4277 G.
478 4223 501 4277 1.
515 4222 548 4277 L.
562 4226 643 4288 1,3l›'l.
669 4220 711 4289 Of.
724 4221 791 4289 Lep.
809 4219 886 4275 Ronr.
900 4223 925 4272 6.
955 4219 1042 4273 Macr.
1057 4226 1119 4286 (sat.
1135 4222 1304 4285 1‚13‚12.15):

114 4322 216 4367 alternis
240 4318 310 4365 suuis
333 4317 402 4362 binos
421 4327 444 4362 et
465 4319 573 4372 vicenos,
600 4318 700 4362 alteruis
720 4322 801 4361 ternos
830 4316 974 4376 vicenosque
993 4315 1177 4360 intercalabant
1197 4336 1228 4345 -
1250 4318 1305 4374 post

112 4411 252 4457 vicesimum
277 4414 303 4453 et
329 4407 428 4452 tertium
450 4406 514 4452 diem
538 4406 589 4451 eius
613 4399 759 4463 (Februarii)
784 4403 979 4458 intercalabant,
1010 4402 1186 4447 Terminalibus
1208 4402 1304 4447 seilicet
