2992 5040
606 330 715 387 Garnae
733 333 862 388 forenses.
1264 335 1327 400 359

243 509 324 593 Agri
348 509 466 593 poplici
495 510 579 593 quod
604 508 785 590 Langenses
808 510 954 592 posideut
978 510 1064 574 hisce
1086 509 1160 573 finis
1183 511 1330 575 videntur

153 635 230 679 esse.
270 611 335 678 Ubi
358 613 533 678 comiluont
558 614 583 697 (¹
596 613 626 697 4)
653 613 740 677 Edus
756 619 788 678 et
805 613 991 691 Procobera
1007 614 1070 678 ibei
1087 617 1241 679 terminus
1256 621 1329 680 stat.

156 718 236 782 Inde
259 719 327 783 Ede
350 718 446 782 florio
469 739 671 782 sursuorsunr
695 719 728 782 in
753 724 894 782 montem
910 717 1080 783 Lemurino
1102 720 1243 791 insumo:
1266 720 1331 785 ibei

155 823 311 887 terminus
336 821 405 907 (¹⁵)
429 828 503 888 stat.
551 821 628 887 Inde
651 846 776 887 sursum
802 845 930 887 vorsum
952 823 1028 908 iugo
1045 827 1130 889 recto
1146 830 1254 888 monte
1270 824 1328 890 Le-

155 929 298 999 muriuo;
324 927 385 991 ibei
410 927 681 993 terminassent.
726 926 804 992 Inde
826 927 893 993 cet.²
918 929 1022 1014 (-²³)

242 1032 339 1108 Quem
374 1055 487 1118 agrum
518 1032 679 1117 poplicum
712 1032 782 1116 (²⁴)
807 1034 982 1099 iudicamus
1006 1056 1088 1107 esse,
1121 1057 1192 1098 eum
1216 1056 1330 1115 agrum

157 1137 335 1201 castelanos
357 1136 539 1220 Langenses
563 1136 726 1201 Veiturios
750 1136 924 1225 po[si]dere
946 1139 1074 1224 fruique
1096 1140 1221 1204 videtur
1235 1161 1331 1224 opor·

154 1246 229 1305 tere.
277 1240 339 1305 Pro
363 1263 400 1306 eo
423 1264 502 1326 agro
518 1242 656 1329 vectigal
671 1243 852 1329 Langenses
875 1244 944 1328 (²⁵)
965 1245 1104 1308 Veituris
1119 1245 1153 1308 in
1169 1244 1329 1328 poplicum

154 1343 299 1410 Genuam
332 1346 407 1410 deut
438 1348 470 1410 in
495 1370 572 1412 anos
595 1349 740 1432 singulos
763 1350 996 1429 vic(t0riatos)⁸
1020 1351 1193 1431 mammos)
1217 1347 1329 1415 0000.

153 1448 203 1513 Sei
226 1449 409 1530 Langenses
440 1474 508 1516 eam
532 1454 703 1536 pequniam
728 1476 789 1517 non
814 1454 937 1517 dabunt
959 1476 1062 1538 neque
1085 1457 1163 1519 satis
1187 1453 1255 1539 (²²)
1280 1455 1330 1519 fa·

154 1555 239 1618 cient
262 1555 443 1620 arbitratuu
461 1557 664 1635 (tonantium,
684 1559 768 1642 quod
787 1582 842 1643 per
858 1558 1040 1624 Genueuses
1054 1558 1247 1643 mo[r]auon
1263 1560 1329 1637 fiat,

155 1681 217 1742 quo
242 1662 432 1755 setius-eam
457 1663 626 1745 pequniam
650 1665 805 1746 acipiant:
836 1669 905 1728 turn
930 1668 1012 1749 quod
1037 1667 1070 1730 in
1094 1688 1130 1730 eo
1153 1687 1231 1752 agro
1260 1665 1329 1749 (²²)

157 1769 267 1827 natum
300 1766 362 1828 erit
388 1766 539 1832 frumenti
563 1774 687 1850 partem
715 1770 940 1847 vicensumam,
967 1771 1033 1835 vini
1060 1776 1182 1854 partem
1208 1776 1330 1834 sextam

158 1867 340 1953 Langenses
371 1872 402 1934 in
432 1872 593 1955 poplicum
626 1873 770 1939 Genuam
802 1877 876 1941 ‹lare
905 1877 1041 1941 debeuto
1070 1875 1138 1960 (²⁸)
1169 1877 1201 1938 in
1232 1897 1331 1939 anuos

154 1974 305 2055 singolos.

244 2077 324 2153 Quei
355 2080 440 2144 intra
464 2104 516 2146 eos
540 2083 632 2147 fineis
655 2106 768 2170 agrum
792 2088 922 2168 posedet
945 2087 1070 2152 Genuas
1095 2091 1151 2148 aut
1173 2083 1330 2161 Viturius

156 2184 227 2266 qum
255 2205 363 2248 eorum
388 2188 529 2270 posedeit
552 2187 582 2251 k.
608 2188 810 2267 Sextilibus)
834 2190 868 2255 L.
893 2190 1024 2256 Caicilio
1049 2189 1118 2273 (²⁹)
1141 2190 1178 2264 t).
1202 2188 1331 2252 Muucio

155 2310 234 2365 cos,
269 2311 322 2354 eos
352 2291 398 2354 ita
430 2292 574 2375 posidere
596 2293 762 2378 coloreque
786 2296 888 2360 liceat.
934 2296 1008 2360 Eis⁴
1033 2294 1106 2378 quei
1129 2291 1330 2376 posidebunt,

155 2395 293 2477 vectigal
319 2393 539 2479 Langensibus
563 2399 785 2481 proportione
808 2401 884 2464 dent
907 2401 962 2476 ita,
988 2404 1024 2463 ut
1038 2399 1135 2463 ceteri
1160 2395 1228 2481 (³⁰)
1245 2397 1330 2461 Lan·

154 2519 280 2579 geusae,
315 2502 369 2583 qui
399 2523 508 2565 eorum
540 2503 573 2566 in
596 2526 633 2567 eo
656 2526 735 2589 agro
758 2528 871 2589 agrum
897 2505 1089 2588 posidebunt
1111 2504 1330 2585 frisenturque.

154 2601 284 2667 Praeter
316 2627 354 2668 eu
384 2606 418 2667 in
449 2628 485 2670 eo
517 2629 596 2690 agro
626 2608 659 2671 ni
684 2609 756 2692 quis
779 2609 924 2692 posideto
953 2608 1013 2671 uisi
1038 2608 1076 2671 de
1099 2607 1219 2671 maiore
1241 2610 1331 2689 parte

158 2708 227 2792 (²¹)
261 2709 473 2795 Langensium
499 2712 717 2777 Veituriorum
751 2713 924 2788 sententia,
957 2713 1030 2776 dum
1062 2735 1101 2776 ue
1124 2713 1222 2775 alium
1245 2712 1330 2774 intro

156 2816 249 2879 mitat
271 2816 332 2879 nisi
358 2816 533 2882 Genuatem
557 2825 613 2883 aut
628 2818 811 2884 Veiturium
834 2819 958 2884 colendi
982 2840 1086 2883 causa.
1125 2817 1205 2893 Quei
1222 2837 1331 2879 eorum

157 2918 223 3002 (²²)
256 2921 294 2984 de
317 2923 436 2986 maiore
459 2928 549 3006 parte
572 2924 785 3009 Langensium
809 2923 993 2988 Veiturium
1017 2921 1176 2987 sententia
1197 2921 1245 2984 ita
1267 2941 1329 2983 non

157 3026 292 3107 parebit,
316 3027 343 3090 is
366 3049 437 3091 eum
461 3050 572 3112 agrum
598 3029 648 3093 uei
673 3029 789 3094 habeto
812 3031 885 3092 nive
908 3028 1070 3092 fruimino.

244 3131 323 3206 erei
348 3131 417 3215 (³²)
442 3153 519 3216 ager
541 3154 745 3217 compascuos
761 3135 832 3205 erit.
854 3134 886 3197 in
904 3155 940 3198 eo
956 3154 1035 3218 agro
1051 3131 1221 3214 quominus
1237 3149 1330 3211 pecus

158 3234 317 3318 [p]ascere
341 3234 501 3301 Genuates
523 3237 751 3322 Veituriosque
775 3239 869 3302 liceat
892 3239 948 3313 ita,
981 3237 1046 3300 atei
1069 3235 1101 3298 in
1125 3241 1228 3298 cetero
1253 3253 1331 3317 agro

158 3339 225 3423 (³⁴)
250 3339 387 3404 Genuati
411 3364 616 3424 compascuo,
648 3343 679 3406 ni
705 3344 776 3427 quis
799 3342 981 3426 prohibeto,
1004 3341 1077 3404 nive
1099 3339 1170 3423 quis
1192 3338 1256 3401 vim
1280 3336 1331 3401 fa-

158 3446 230 3522 cito,
254 3447 346 3509 neive
368 3446 537 3529 prohibebo
559 3469 623 3531 quo
646 3448 751 3512 minus
775 3470 812 3512 ex
836 3470 873 3511 eo
897 3468 975 3528 agro
998 3444 1086 3529 ligna
1103 3442 1331 3526 materiamque
1484 3498 1489 3505 .

157 3550 224 3634 (³⁵)
248 3555 377 3614 sumant
399 3556 603 3635 utunturque.

243 3654 393 3739 Vectigal
416 3657 490 3718 anui
516 3657 611 3738 primi
634 3657 664 3719 k.
682 3656 828 3720 Ianuaris
845 3656 989 3720 secundis
1005 3655 1136 3720 Veturis
1151 3654 1332 3738 Langenses

157 3762 186 3824 iu
214 3760 374 3844 poplicum
399 3759 542 3824 Genuam
565 3761 640 3824 dare
665 3760 733 3843 (²⁰)
758 3760 903 3823 debento.
950 3762 1040 3836 Quod
1064 3765 1138 3824 ante
1156 3759 1187 3822 k.
1205 3757 1332 3822 Ianuar.

156 3868 275 3949 primas
298 3863 480 3948 Langenses
504 3864 600 3928 fructi
625 3868 701 3927 sunt
716 3868 885 3947 eruntque,
911 3864 1048 3948 vectigal
1063 3864 1174 3927 iuvitei
1192 3863 1266 3926 dare
1281 3861 1332 3925 nei

156 3972 298 4036 debento⁸
322 3986 368 4034 (x)

244 4141 269 4207 1)
288 4141 413 4196 termina.
432 4170 465 4179 —
484 4138 510 4203 2)
531 4141 643 4194 Fiur'am
661 4141 868 4208 descriptionem
886 4143 1015 4210 religatam
1035 4142 1120 4195 omasi.
1140 4168 1171 4177 -
1199 4138 1227 4205 3)
1252 4136 1333 4189 Nara·

157 4247 213 4283 mars
240 4230 288 4282 aila
312 4235 400 4283 aetate
417 4230 446 4280 iu
466 4226 559 4282 Gallia
581 4227 719 4295 Cisalpina
740 4227 874 4296 rrsrlpurr's,¹
898 4230 1036 4283 victoriali
1055 4233 1183 4295 quattuor
1200 4224 1269 4277 idern
1288 4240 1332 4277 aa·

158 4316 209 4369 lent
228 4315 301 4383 aava
317 4316 424 4369 dcarrrii
442 4323 510 4383 tres,·
529 4317 564 4384 cf.
583 4316 650 4381 Ma,
670 4314 839 4368 Milrrsweseu
856 4319 947 4384 p.389
965 4322 989 4370 et
1006 4322 1097 4369 arolam
1115 4313 1152 4367 ud
1163 4312 1236 4366 Fest.
1256 4328 1277 4363 a.
1292 4327 1333 4364 se·

160 4403 248 4456 sterti.
268 4432 300 4442 -
321 4403 348 4471 4)
368 4419 423 4456 eus.
