2992 5040
202 1015 264 1118 Ad
288 1052 460 1118 editionem
483 1050 629 1135 quintam
659 1047 858 1133 praemonita
883 1049 1004 1130 pariter
1027 1049 1066 1112 ad
1089 1052 1212 1113 sextam
1235 1071 1306 1132 per-

123 1187 273 1251 veniunt.
320 1184 370 1248 Ad
394 1182 477 1245 hanc
500 1202 628 1264 qnoque
643 1178 765 1248 [enodi
785 1179 944 1243 adiutorio
962 1203 1021 1246 nos
1037 1202 1110 1245 usos
1126 1202 1193 1245 esse
1210 1203 1307 1264 quae-

125 1333 192 1394 que
216 1331 254 1374 ex
277 1306 501 1373 instrumentis
524 1305 697 1389 recognitis
726 1303 777 1368 vel
799 1304 924 1367 noviter
946 1304 1082 1386 repertis
1104 1302 1196 1368 nobis
1219 1304 1311 1368 inno·

126 1436 264 1497 tuerunt
286 1431 394 1508 utilia,
431 1452 468 1494 ea
491 1432 616 1493 mutata
644 1427 804 1492 adiectave
835 1450 902 1492 esse
925 1449 1021 1512 opera
1045 1434 1154 1492 nostra
1177 1432 1209 1493 et
1231 1427 1315 1492 liber

125 1556 201 1638 ipse
224 1554 363 1619 ostendit
392 1558 425 1619 et
447 1554 573 1637 potiora
597 1551 630 1615 iu
653 1551 755 1615 indice
779 1551 952 1634 praemisso
975 1551 1060 1615 notis
1083 1553 1235 1636 adpositis
1256 1552 1319 1620 dee

125 1679 303 1743 cierentur.
339 1675 408 1741 Hoc
424 1675 603 1740 addendum
628 1696 685 1757 pro
703 1696 764 1738 uno
781 1674 900 1738 editore
918 1672 1003 1738 hunc
1020 1675 1163 1741 libellum
1179 1683 1315 1744 nactum

128 1825 200 1868 essa
216 1802 294 1867 duos
311 1825 446 1886 eumque
461 1802 524 1865 inm
543 1805 666 1865 sextum
684 1800 809 1883 prodire
826 1800 1014 1863 recensitum
1033 1821 1129 1884 opera
1141 1797 1311 1867 communi.

220 1925 350 1990 Praeter
381 1925 444 1989 alia
475 1923 613 1999 minora,
646 1946 727 2008 qnae
751 1925 986 2008 perspicuitatis
1019 1947 1115 1990 causa
1138 1927 1239 1991 visum
1263 1931 1311 1992 est

130 2052 228 2116 aliter
252 2048 488 2167 administrare,
512 2049 545 2110 in
562 2046 699 2132 negotiis
723 2046 907 2111 ordinandis
923 2048 1162 2131 dispositionem
1178 2050 1225 2114 ita
1239 2074 1308 2115 mu·

127 2176 280 2249 tammus,
313 2177 350 2235 ut
372 2171 509 2254 primum
536 2171 637 2234 locum
660 2174 790 2234 teneant
813 2171 899 2255 leges
923 2171 1025 2236 dictae
1050 2173 1144 2236 rebus
1168 2196 1309 2239 commu·

131 2296 229 2361 nibus
253 2296 399 2374 antrisve,
424 2294 598 2359 secundum
621 2294 708 2375 leges
731 2294 832 2358 dictae
855 2317 874 2356 a
889 2294 1023 2377 privatis
1047 2296 1193 2372 reiectae,
1217 2297 1247 2359 id
1264 2301 1312 2361 est

129 2424 324 2484 testamenta
355 2423 387 2483 et
417 2417 559 2501 reliquae
591 2417 856 2501 mancipationes‚
888 2418 1020 2482 tertium
1046 2419 1176 2503 negotia
1198 2419 1238 2483 ad
1260 2420 1311 2483 ins

127 2566 236 2608 rerum
260 2542 455 2626 spectantia,
488 2545 637 2625 quartum
661 2562 742 2624 quae
765 2543 910 2623 spectant
937 2540 976 2604 ad
1000 2541 1049 2604 ius
1073 2541 1306 2626 obligationum

128 2667 244 2731 ordine
266 2667 332 2731 fere
348 2665 480 2744 Gaiano,
506 2672 541 2730 ut
563 2690 634 2731 enm
659 2687 760 2750 nuper
776 2664 945 2748 explicavit
960 2665 1092 2730 Pernice
1107 2667 1140 2729 in
1157 2687 1309 2750 parergo-

128 2812 201 2853 rnm
229 2790 342 2867 tertio,
371 2789 492 2854 scilicet
522 2795 558 2853 ut
582 2790 770 2873 praecedant
801 2811 881 2872 qnae
904 2811 938 2852 re
965 2787 1070 2851 verbis
1094 2787 1211 2852 litteris
1234 2809 1310 2851 con·

127 2912 306 2976 trahuntur
337 2913 384 2976 vet
409 2912 588 2987 solvuntur,
621 2911 848 2994 comprehensa
871 2910 930 2975 sub
953 2911 1114 2975 communi
1137 2910 1232 2975 titulo
1255 2933 1309 2994 pe·

127 3035 243 3099 cuniae
264 3040 377 3113 certae,
401 3040 576 3119 sequantur
599 3033 812 3119 obligationes
837 3056 988 3098 consensu
1018 3037 1207 3097 contractae.

220 3157 310 3221 Duae
326 3158 429 3241 operis
445 3162 552 3240 partes
569 3158 678 3241 legum
697 3162 729 3220 et
744 3157 946 3243 negotiorum
964 3156 1075 3234 altera,
1092 3155 1194 3219 altera
1210 3154 1310 3238 scrip·

128 3285 238 3344 torum
261 3302 333 3345 oum
357 3302 420 3344 non
444 3282 481 3343 ad
506 3302 616 3344 omnes
644 3279 759 3343 harum
783 3302 888 3343 rarum
911 3277 1069 3343 studiosos
1082 3277 1212 3360 ‘pariter
1234 3299 1305 3361 per·

128 3404 266 3479 tineant,
290 3401 369 3467 utile
392 3403 493 3467 visum
519 3408 567 3467 est
583 3403 630 3467 ita
646 3403 830 3486 dispescera
848 3406 884 3465 ut
899 3423 1040 3465 seorsum
1058 3399 1197 3464 tamilla
1214 3423 1309 3484 quam

128 3527 208 3591 haec
233 3526 410 3608 comparari
435 3532 553 3610 posset.

219 3698 411 3783 Scripsimns
435 3698 625 3765 Berolini
650 3723 689 3768 m.
717 3700 802 3765 Maio
827 3723 853 3763 a.
880 3700 974 3764 1893.

569 3876 634 3948 Ta.
662 3875 864 3946 tiouusnu.
922 3874 963 3947 Ο.
995 3873 1260 3946 [insonarunt.
