2992 5040
152 326 216 395 202
605 324 705 379 Edicta
723 327 895 393 praetorum.

153 502 239 586 rum)
271 508 385 588 sponte
417 502 456 566 ad
486 500 699 564 dimicandum
734 498 946 584 profitebitur,
970 520 1042 563 curn
1067 498 1183 563 hebeat
1205 520 1242 562 ex
1266 499 1337 584 lege

152 609 292 693 pretium
312 609 375 672 duo
392 607 492 684 milia,
508 605 665 671 liberatus
681 606 708 669 si
725 604 853 681 dieori(⁶
863 603 968 687 ³)men
984 602 1222 682 instauraverit,
1239 605 1337 667 aeeti-

154 714 253 778 matio
284 713 351 776 eiua
385 717 457 797 post
481 712 541 776 hae
566 708 777 796 (sestertium)
802 707 866 773 XII
891 707 1007 793 (milia)
1032 728 1093 772 non
1119 709 1257 773 excedat.
1304 707 1336 774 Ie

153 839 280 902 quoque
298 817 353 902 qui
369 817 475 882 senior
490 821 587 901 atque
602 815 753 881 inabitior
769 837 897 898 operam
914 835 1004 878 suam
1020 814 1123 876 denuo
1139 813 1209 894 (⁸⁴)
1227 863 1234 877 .
1254 864 1261 877 .
1281 865 1286 876 .
1306 864 1335 878 ..

429 995 480 1059 61.
512 992 575 1058 SC.
601 992 914 1068 Orfitianum,
939 1014 966 1055 a.
994 991 1065 1054 178.

233 1131 283 1201 (1).
302 1134 423 1198 38‚17.1
442 1149 492 1204 pr.
515 1133 595 1189 942.
627 1131 673 1202 Cf.
696 1131 722 1186 I.
734 1132 784 1197 fid
801 1147 868 1201 pr„-
890 1132 925 1185 ut
946 1128 1031 1186 liberi
1053 1127 1088 1185 ad
1111 1129 1188 1187 bona
1205 1132 1336 1186 matrum

154 1227 363 1284 intestataruru
386 1225 602 1291 admittantur,
635 1223 709 1283 scio
731 1222 874 1283 Orfitiano
897 1223 1031 1282 effectum
1055 1227 1111 1289 est,
1140 1223 1220 1298 quod
1240 1224 1336 1281 latum

153 1324 199 1380 est
219 1322 313 1382 Orfito
339 1327 369 1380 et
389 1323 469 1381 Rufo
490 1341 546 1382 eoa.
570 1321 630 1381 divi
653 1320 743 1380 Merui
765 1320 956 1395 temporibus.
1002 1321 1137 1379 Codicem
1158 1321 1245 1379 Flor.
1269 1339 1337 1378 cou-

153 1423 266 1478 stanter
286 1420 412 1478 seribere
426 1419 633 1494 Orphitianum
655 1423 753 1477 monet
766 1419 828 1476 Mo.
840 1453 876 1460 -
894 1419 1042 1492 Ulpianus
1064 1419 1083 1477 i.
1104 1417 1177 1474 XII
1192 1418 1233 1474 ad
1251 1418 1338 1475 Sabi·

154 1532 242 1571 num:
262 1513 329 1572 Sive
350 1515 481 1590 ingenua
502 1515 563 1573 sive
575 1513 714 1572 libertina
733 1515 827 1570 mater
841 1517 894 1582 est,
915 1511 1032 1571 admitti
1052 1518 1175 1587 possunt
1192 1511 1280 1570 liberi
1299 1512 1337 1570 ad

154 1606 346 1666 hereditatem
364 1608 428 1667 eius
450 1627 485 1667 ex
506 1607 580 1668 soto
601 1607 784 1682 Orphitiano.
808 1609 857 1679 --)

327 1704 361 1770 Si
385 1728 478 1771 nenio
502 1704 642 1770 filiorum
666 1726 824 1780 eorumve,
848 1703 964 1788 quibus
988 1705 1085 1770 simul
1110 1705 1255 1790 legitima
1281 1707 1338 1769 he·

154 1809 273 1873 reditas
307 1810 467 1887 defertur,
501 1810 586 1874 volet
617 1812 655 1874 ad
690 1833 723 1874 se
753 1832 823 1874 eam
856 1809 1064 1874 hereditatem
1096 1812 1264 1894 pertinere,
1288 1810 1338 1874 ius

154 1914 321 1997 antiquum
346 1918 423 1980 est0.

235 2018 299 2092 (Ait
319 2020 468 2093 senatum)

179 2166 185 2179 .
211 2166 218 2180 .
247 2169 252 2180 .
279 2139 361 2200 quae
383 2116 524 2180 iudicata
546 2121 709 2181 transacta
733 2116 864 2181 finitave
887 2122 972 2192 suut,
996 2124 1067 2181 rata
1090 2123 1239 2181 rnaueaut
1265 2168 1322 2181 ...

614 2660 771 2732 CAPUT
799 2661 860 2731 VI.

567 2857 592 2934 Ε
629 2858 656 2935 ὓ
694 2858 704 2934 Ι
743 2856 769 2938 0
807 2859 835 2936 Ῐ
873 2858 914 2936 Α.

261 3083 312 3146 62.
350 3079 544 3144 Edictum
570 3081 812 3160 perpetuum
837 3079 1058 3160 praetoris
1085 3080 1239 3144 urbani.

578 3214 752 3284 Recognovit
771 3214 802 3268 O.
824 3215 924 3272 Lunna.

225 3340 335 3394 ‘Edicta
349 3346 521 3407 praetorum,
547 3354 616 3405 quoe
632 3344 784 3404 superarint,
808 3338 863 3400 sere
881 3341 971 3392 onmia
991 3338 1142 3392 Iustiniani
1166 3340 1245 3394 libris
1269 3343 1340 3411 dipe-

155 3432 265 3481 ‘aturum
284 3427 385 3480 tradito
402 3433 483 3491 surit5
500 3441 636 3493 perprimo
655 3431 760 3478 torrium
781 3425 905 3480 Or'oeroue
918 3426 999 3481 Festo
1017 3429 1087 3482 aliia
1114 3429 1342 3497 Iiuiriptionibus

157 3515 234 3567 'nihii
252 3515 289 3567 nd
306 3530 355 3567 uos
371 3515 498 3582 pervenit.
536 3512 571 3565 Iu
591 3511 712 3580 Dipeetra
730 3520 819 3567 autem
838 3532 907 3582 quoe
924 3521 989 3568 eunt
1007 3515 1092 3567 eih'cta
1107 3517 1228 3583 piun'mn
1247 3533 1280 3569 aa
1295 3517 1342 3571 UI-

157 3603 243 3669 ‘pr'aui
260 3600 296 3654 ad
314 3600 427 3653 edictum
447 3600 523 3653 liora
539 3606 644 3668 recepta
662 3607 734 3666 suut,
763 3618 836 3669 prinu
858 3609 962 3656 constet
980 3620 1034 3656 riou
1051 3606 1169 3671 perierim
1190 3610 1275 3657 uetera
1294 3605 1342 3658 sod

156 3695 319 3757 'perpetuum
336 3688 408 3741 iilud
425 3688 539 3741 edictum
557 3705 611 3743 esee
628 3695 746 3742 socruum
766 3692 839 3743 i'uaeu
856 3690 998 3743 Hadriani
1014 3708 1030 3743 a
1046 3691 1137 3743 Saluio
1156 3690 1268 3743 Iniiuuo
1282 3692 1341 3744 Icto

156 3777 338 3843 ίοοηῳοεὶιιιηι
358 3817 467 3829 ......
491 3775 696 3844 Deperditoruni
715 3784 876 3845 inpriorentn
895 3795 994 3845 propria
1012 3778 1116 3844 quidem
1135 3794 1167 3829 ex
1181 3785 1261 3845 purte
1275 3779 1340 3831 edi·

156 3867 242 3935 ¹peetie
267 3865 381 3931 elinque
406 3864 481 3917 tibris
501 3863 626 3917 concludi
640 3869 769 3931 ponerint:
797 3870 877 3931 utque
894 3881 1057 3932 srimruopere
1080 3865 1130 3917 tac
1148 3865 1180 3916 de
1197 3881 1226 3918 re
1244 3869 1340 3920 meruit

156 3952 328 4020 'Rridorffius
356 3951 407 4015 (ed.
424 3967 499 4018 perp⁴
524 3967 592 4018 quine
610 3952 712 4018 reliquo
732 3958 802 4003 suut.
832 3955 919 4016 1869).
959 3952 1042 4005 Ciu'us
1059 3960 1145 4005 innuen
1164 3952 1242 4005 (locta
1261 3969 1339 4006 corui·

156 4043 240 4093 ‘mirra
259 4041 336 4093 uolui
353 4039 396 4091 hic
413 4045 529 4106 repetere
548 4041 619 4107 ipsus
633 4045 737 4091 tautum
750 4039 894 4091 edictorum
909 4041 1037 4106 reliquias
1046 4042 1242 4106 propositurus.
1271 4039 1340 4092 Τωι-

156 4127 300 4180 ‘tumuiedo
324 4133 395 4180 certa
417 4126 584 4193 perditorum
610 4133 767 4194 orpumenio
791 4128 903 4180 breuiter·
920 4128 1039 4180 indicaui
1055 4128 1186 4196 eiirrulque
1204 4129 1340 4180 actionarii

158 4216 309 4277 ‘formidare
332 4217 358 4268 si
375 4232 442 4283 prinu
460 4215 593 4273 tutemus.
613 4217 640 4267 iu
660 4217 730 4267 iratis
749 4214 841 4267 triticei.
885 4214 965 4268 Uncis
983 4215 1081 4267 inclusi
1099 4232 1166 4282 quine
1185 4214 1222 4267 od
1239 4215 1341 4268 intelie-

160 4302 256 4372 ‘penda
276 4303 356 4355 uerba
373 4302 499 4356 edr'rtoh'u
518 4320 531 4354 e
550 4302 746 4354 eeauueiiarue
764 4301 887 4354 addenda·
906 4302 1000 4355 creuit?
1029 4301 1125 4353 Brutus.
1164 4302 1197 4353 Iu
1209 4302 1260 4354 huc
1273 4318 1341 4354 nora

159 4391 240 4444 edi'cti
258 4392 408 4443 rei-rusinae
425 4390 491 4453 tinea
510 4390 685 4455 tor-rm'uoeque
703 4406 720 4439 u
741 4387 779 4441 01.
806 4387 868 4440 Viro
887 4390 962 4456 operi
980 4391 1137 4440 constitutos·
1159 4389 1236 4441 poliri
1247 4389 1342 4456 egfredi.
