2992 5040
212 271 256 337 34
621 267 708 336 Legae
726 267 778 322 XII
799 267 973 323 tabularum.

300 447 352 509 25.
393 445 497 509 Gaiam
520 445 540 507 l.
556 443 581 507 I
588 443 618 507 V
627 443 670 509 ad
686 443 768 506 XII
779 445 840 509 tau.
857 444 912 526 (Ι).
927 448 1103 524 50‚16,236
1111 444 1196 530 pr.):
1219 445 1281 522 Qui
1297 467 1392 510 vene·

213 573 289 616 num
305 549 391 628 dicit,
415 548 537 614 adicere
559 548 662 628 debet,
685 553 793 612 utrum
817 549 936 614 malum
953 572 993 614 an
1010 550 1146 625 bonum;
1169 573 1243 614 nam
1269 554 1301 615 et
1324 573 1392 616 me·

213 657 390 721 dicamente
412 675 533 719 venena
549 659 634 719 sunt

301 761 351 827 26.
399 760 496 825 Latro
520 760 606 844 (decl.
628 758 835 843 e'rrOut.19):
859 757 924 824 XII
938 761 1004 824 tab.
1028 764 1158 824 cautum
1173 782 1240 825 esse
1255 781 1392 844 cognos-

213 869 322 946 cimus
347 865 463 949 nequi
486 865 520 928 in
542 863 621 928 urbe
643 867 750 928 coetus
773 869 946 929 nocturnos
971 865 1120 949 agitaret.

301 972 353 1036 27.
401 972 505 1035 Gaius
528 971 548 1035 l.
573 969 633 1034 IV
651 971 693 1034 ad
717 968 800 1033 ΧΠ
818 970 880 1035 tet.
904 969 959 1051 (D.
982 969 1151 1054 47‚22,4):
1175 970 1236 1035 His
1259 969 1393 1055 (sodali-

213 1075 286 1162 bus)
310 1080 499 1160 potestatem
521 1075 600 1139 facit
621 1075 673 1139 lex
697 1073 773 1159 (XII
789 1075 881 1160 uu),
905 1075 1084 1159 pactionem
1100 1097 1197 1160 quam
1213 1075 1313 1140 velint
1329 1074 1392 1139 sibi

213 1183 310 1263 ferre,
342 1183 417 1247 dum
439 1203 479 1246 ne
502 1181 578 1264 quid
601 1203 639 1246 ex
661 1181 791 1264 publice
814 1180 883 1264 lege
905 1185 1129 1264 corrumpant3
1160 1181 1213 1244 sed
1237 1180 1316 1244 haec
1339 1179 1390 1244 lex

213 1289 339 1355 videtur
360 1310 399 1352 ex
422 1288 491 1372 lege
514 1283 639 1350 Solonis
662 1285 822 1349 translata
844 1307 922 1350 esse.

647 1477 824 1545 TABULA
847 1478 954 1545 VIIII.

304 1623 332 1685 1.
357 1622 386 1684 2.
436 1620 498 1686 Cic.
522 1621 781 1703 (delep.3,4,11;
806 1621 929 1706 19‚44):
953 1619 1139 1702 ‘Privilegia
1154 1639 1193 1682 ne
1208 1617 1392 1701 inroganto.

214 1723 262 1789 De
284 1724 388 1808 capite
410 1725 488 1789 civia
510 1725 572 1788 nisi
604 1745 660 1807 per
688 1724 862 1788 maximum
893 1724 1092 1788 comitiatum
1115 1761 1156 1769 —
1181 1745 1220 1786 ne
1243 1722 1393 1786 feruuto'.

212 1865 257 1876 -
279 1828 378 1913 Leges
401 1828 671 1912 praeclarissimae
694 1829 733 1892 de
755 1827 818 1893 XII
840 1828 960 1893 tabulis
983 1829 1120 1893 tralatae
1143 1827 1233 1904 duae,
1257 1850 1393 1910 quarum

213 1933 316 1997 altera
338 1933 507 2018 privilegia
530 1933 629 2011 tollit,
654 1933 755 1998 altere
779 1934 936 2018 decapite
959 1933 1037 1998 civis
1053 1932 1160 2018 rogeri
1175 1932 1238 1996 nisi
1254 1931 1394 1996 maximo

213 2037 381 2103 comitiatu
406 2042 501 2102 vetat.

302 2144 333 2206 3.
381 2141 504 2207 Gellius
526 2141 679 2226 (20,1,7):
702 2142 815 2206 duram
830 2163 897 2206 esee
915 2141 1019 2226 legem
1035 2146 1139 2226 putas,
1161 2162 1243 2226 quae
1258 2141 1393 2206 iudicem

213 2247 410 2311 arbitrumve
440 2246 508 2311 iure
538 2246 665 2324 datum,
698 2245 754 2329 qui
784 2247 914 2312 obrem
939 2245 1200 2334 [iu]die[a]ndam
1226 2247 1392 2330 pecuniam

213 2351 370 2436 accepisse
392 2352 555 2416 convictus
579 2355 637 2428 est,
663 2350 767 2434 capite
790 2351 964 2434 poenitur?

301 2458 331 2521 4.
377 2455 573 2537 Poemenius
596 2454 743 2519 enclairid.
768 2453 1031 2538 (l).1,2‚2,23):
1062 2459 1247 2540 quaestores
1271 2493 1314 2502 —
1338 2457 1393 2541 qui

213 2561 402 2644 capitalibus
426 2559 519 2624 rebus
542 2564 735 2642 praeessent,
761 2598 802 2607 -
825 2559 1071 2645 appellabantur
1087 2565 1271 2645 quaestores
1287 2562 1391 2644 parri-

212 2666 295 2731 cidii.
321 2687 457 2749 quorum
479 2663 577 2728 etiam
598 2665 746 2729 meminit
768 2665 819 2730 lex
841 2663 905 2730 XII
928 2664 993 2730 tab.

302 2772 331 2835 5.
379 2769 569 2834 Marcianus
592 2767 649 2853 (D.
673 2768 806 2852 48,4,3);
839 2768 903 2832 Lex
926 2766 989 2832 XII
1012 2769 1076 2835 tab.
1109 2769 1199 2833 iubet
1220 2791 1303 2847 eum,
1336 2770 1392 2852 qui

212 2876 337 2941 hostem
360 2876 567 2941 concitaverit
589 2874 684 2959 quive
706 2875 806 2940 civem
830 2872 916 2937 hosti
939 2873 1116 2951 tradiderit,
1140 2875 1244 2958 capite
1268 2873 1387 2958 puniri.

284 3145 370 3191 VIIII.
393 3147 414 3190 1.
436 3147 459 3191 2.
497 3138 550 3193 Cic.
569 3139 598 3204 (l.
617 3139 663 3206 c.):
692 3146 722 3191 In
741 3144 849 3205 privates
868 3142 977 3188 hemtnee
996 3143 1063 3198 leges
1081 3140 1139 3187 ferrl
1157 3143 1292 3196 noluerunt,
1313 3142 1337 3186 id
1357 3149 1393 3187 est

213 3233 277 3279 enlm
296 3233 456 3292 priuileguun,
476 3247 523 3294 quo
541 3234 600 3294 qnid
619 3241 657 3277 aet
676 3233 797 3285 lamellas,
817 3243 871 3276 curn
889 3231 950 3289 legis
970 3229 1033 3275 haec
1051 3230 1088 3274 rie
1106 3232 1146 3285 alt,
1165 3231 1251 3275 saltam
1264 3237 1289 3275 et
1302 3230 1393 3275 iussum

212 3321 238 3365 in
256 3333 347 3366 omnes.
385 3320 450 3365 Ferri
469 3320 499 3365 de
517 3321 618 3377 stagello
639 3312 739 3381 [debuit
757 3327 811 3364 6880
831 3318 860 3362 de
880 3319 960 3378 eapite
978 3318 1038 3363 civis
1056 3317 1094 3361 ‘Iu
1123 3311 1165 3374 ld]
1184 3317 1231 3362 nlai
1250 3319 1392 3364 centuriatis

212 3407 315 3453 comitile
339 3409 478 3461 noluerant;
506 3407 635 3467 discriptae
663 3398 712 3467 [uic
728 3415 780 3452 cer.
792 3439 799 3465 ,
831 3407 965 3466 descriptae
985 3398 1049 3451 libri
1067 3406 1112 3451 Tu.
1132 3397 1177 3466 tt]
1206 3407 1269 3450 enirn
1290 3408 1392 3467 populns

212 3507 295 3548 cenea,
313 3493 444 3549 ordinibus,
463 3494 594 3547 aetatibus,
614 3495 667 3554 plue
687 3493 789 3538 athbet
808 3494 840 3538 ad
859 3493 1000 3551 suffragium
1018 3491 1119 3546 consilii,
1138 3504 1211 3552 quam
1230 3492 1284 3537 fuse
1303 3493 1328 3537 in
1347 3495 1390 3539 tri·

213 3581 258 3626 bue
277 3586 430 3627 convocatus.
468 3571 520 3626 Cic.
540 3574 578 3642 (p.
598 3572 664 3627 Soet.
682 3576 789 3640 30,65).·
809 3595 864 3627 eum
882 3587 907 3626 et
926 3581 1029 3627 sacratu
1047 3579 1142 3636 legitua
1161 3584 1187 3624 et
1206 3578 1317 3625 lilltab.
1335 3594 1392 3626 ean·

212 3670 287 3715 eitum
307 3674 384 3722 esset,
412 3673 439 3713 ut
459 3682 536 3729 nequa
556 3670 707 3730 privilegium
726 3670 828 3726 irrogari
849 3670 944 3725 lleeret,
972 3682 1050 3729 neque
1069 3668 1099 3713 de
1118 3668 1198 3727 eapite
1216 3668 1264 3712 nisi
1282 3668 1385 3714 comitiis

212 3757 355 3802 centuriatis
370 3756 450 3813 rogari
468 3753 514 3801 cet.
554 3748 605 3801 Cic.
625 3747 761 3814 (dedomo
780 3750 880 3819 17,43):
902 3762 987 3801 vetent
1006 3756 1056 3802 XII
1070 3756 1122 3802 tab.
1141 3757 1208 3814 leges
1226 3757 1328 3816 privetu
1347 3757 1392 3803 ho·

213 3845 316 3889 minibus
332 3844 443 3901 treugam,
469 3844 492 3888 id
512 3849 549 3888 est
568 3846 631 3888 enlm
649 3845 811 3903 privilegInm.
849 3836 904 3890 Cic.
924 3835 967 3904 (dc
983 3853 1038 3903 rep.
1057 3836 1192 3904 2‚36‚61):
1220 3845 1275 3889 laus
1295 3850 1333 3889 est
1356 3867 1387 3875 —

212 3931 240 3976 0.
258 3931 315 3977 Iulii
333 3922 430 3990 (Xuiri
445 3940 471 3975 α.
484 3922 527 3986 11)
547 3953 579 3962 -
598 3931 662 3992 qnod
681 3944 706 3976 ee
725 3933 804 3987 legem
822 3932 891 3976 illam
910 3954 942 3963 -
962 3934 1130 3989 neglecturum
1148 3938 1259 3989 negaret,
1278 3946 1341 3993 quae
1362 3934 1391 3978 de

212 4020 292 4079 capite
311 4020 369 4064 ciale
390 4019 458 4064 Rom.
476 4019 522 4063 nisi
541 4018 643 4063 comitiis
662 4019 803 4063 centuriata
823 4019 898 4063 stetui
915 4024 1019 4064 vetaret.

284 4106 307 4150 3.
345 4106 374 4151 ob
394 4119 444 4151 rem
463 4104 589 4151 elidendam
607 4095 690 4150 Gellii
711 4097 781 4150 libri.

284 4195 308 4237 4.
346 4184 518 4255 Fest.(258).·
536 4191 680 4245 Quaestores
699 4183 858 4253 [dicebantun
878 4195 919 4254 qui
930 4202 1075 4253 quaererent
1089 4185 1211 4255 derebus]
1231 4194 1389 4254 capitalibus,

213 4281 275 4325 unde
296 4272 377 4342 [iidem
397 4283 470 4326 etlam
494 4311 522 4324 ..
543 4285 684 4341 quaestores
706 4276 828 4339 postlleidi
852 4282 1014 4341 appellantur.
1035 4281 1124 4326 Partim
1147 4272 1240 4341 (supra
1260 4291 1287 4341 p.
1310 4277 1391 4340 10,12

212 4376 239 4414 u.
260 4363 297 4427 3).
