2992 5040
689 321 793 377 Festus.
1220 323 1225 331 ⁴
1289 326 1333 389 29

155 496 290 562 locando
317 497 353 561 ‘si
379 497 475 560 elium
501 499 633 580 procas',
659 497 741 575 ,nive
764 519 835 562 eum
851 501 983 582 procas',
1007 499 1066 563 hoc
1082 505 1131 564 est
1145 500 1248 583 poscis
1263 507 1334 565 cett.

153 637 193 649 -
217 602 255 665 F.
283 606 359 666 249.

156 706 376 782 Prodnit,
410 729 506 790 porro
530 708 664 783 dederit,
695 714 732 770 ut
754 708 856 772 estin
880 708 951 793 lege
974 709 1129 773 censoria:
1160 707 1333 773 ‘Ponticum

157 816 278 875 sartam
302 816 483 895 tectamque
506 810 639 890 habeto,
663 813 798 895 prodito.
844 814 936 878 Alias
959 813 1143 896 prodiderit.
1188 813 1229 878 F.
1252 818 1333 879 229.

154 913 223 993 (Cf.
248 915 393 999 Sarte.)

154 1018 393 1084 Prohibere
424 1021 602 1085 comitia
633 1021 748 1084 dieitur
771 1020 884 1087 vitiare
906 1024 988 1088 diem
1012 1024 1133 1099 morb0,
1158 1022 1213 1107 qui
1236 1023 1335 1108 vulgo

158 1123 287 1206 quidem
311 1124 440 1197 meior¹,
464 1129 602 1189 ceterum
620 1123 662 1189 ob
678 1125 708 1188 id
725 1126 828 1208 ipsum
845 1127 1014 1192 comitialis
1029 1127 1218 1212 appellatur.
1253 1126 1335 1192 Cato

157 1250 214 1291 -:
239 1228 336 1292 ‘domi
359 1252 430 1294 cum
453 1229 663 1313 auspicamus,
687 1266 728 1277 -
753 1231 779 1294 si
804 1232 853 1295 cui
877 1231 993 1296 ibidem
1017 1253 1108 1295 servo
1128 1235 1184 1295 aut
1198 1231 1333 1296 ancillae

156 1333 327 1398 dormienti
357 1334 479 1412 evenit,
513 1334 598 1417 quod
625 1334 755 1398 comitia
777 1335 946 1418 prohibere
969 1337 1062 1415 solet,
1094 1359 1133 1400 ne
1155 1338 1182 1399 is
1206 1336 1332 1420 quidem

157 1439 237 1503 mihi
263 1439 374 1504 vitium
400 1439 498 1504 facit'
545 1441 585 1506 F.
609 1445 685 1505 234.

154 1543 232 1609 Pro
246 1544 412 1608 letariu
423 1567 454 1608 m
478 1547 582 1629 capite
605 1567 734 1609 censum
758 1545 886 1622 dietum,
910 1546 993 1628 quod
1010 1568 1048 1609 ex
1064 1545 1114 1609 his
1130 1545 1242 1609 civitas
1257 1566 1334 1609 cou-

158 1653 231 1725 stet,
255 1650 347 1734 qnasi
370 1647 486 1733 prolis²
511 1649 677 1733 progenie3
701 1648 795 1711 iidem
819 1654 850 1712 et
874 1648 1131 1731 proletauei.
1178 1656 1213 1714 P.
1236 1654 1316 1714 226.

155 1753 241 1818 Pro
265 1776 405 1837 scopu
418 1753 430 1817 l
444 1755 481 1817 is
511 1776 582 1819 eum
607 1754 684 1817 dicit
707 1752 796 1830 Cato,
819 1754 981 1836 significat
1003 1775 1060 1836 pro
1083 1754 1200 1818 iniuria
1223 1752 1333 1819 verbe·

157 1883 245 1934 rum;
272 1881 343 1924 nam
370 1859 538 1943 conplures
561 1859 646 1943 leges
670 1862 761 1922 erant
776 1858 807 1921 in
825 1859 907 1923 cives
923 1863 1064 1942 rogatae,
1082 1859 1198 1942 quibus
1213 1858 1334 1923 sencie-

158 1964 253 2028 batur
284 1986 387 2048 poena
416 1963 593 2028 verberum.
640 1960 700 2025 His
731 1961 891 2045 significat
918 1961 1119 2046 prohibuisse
1141 1963 1191 2027 se³
1214 1963 1334 2027 multos

156 2091 229 2132 suos
253 2068 331 2132 civis
355 2067 386 2131 in
412 2088 449 2131 ea
472 2067 625 2144 oratione,
657 2088 737 2149 quae
760 2072 808 2129 est
831 2072 941 2131 contra
964 2066 1008 2131 M.
1033 2067 1191 2131 Caelium:
1222 2069 1259 2131 ‘si
1283 2090 1332 2131 ern

158 2175 309 2256 percussi,
333 2173 442 2255 saepe⁴
466 2171 634 2237 incolumis
658 2170 738 2245 abii;
762 2176 925 2253 praeterea
947 2193 1005 2254 pro
1028 2193 1062 2234 re
1085 2169 1250 2254 plublica),
1274 2193 1333 2254 pro

157 2279 294 2361 scapulis
318 2281 414 2362 atque
437 2277 560 2342 aerario
584 2274 720 2339 multum
738 2275 810 2360 r(ei)
827 2275 1000 2360 p(ublicae)
1017 2274 1161 2360 profui'⁵.
1197 2276 1237 2340 F.
1253 2282 1332 2341 234.

157 2381 462 2467 promulgari
484 2381 571 2465 leges
595 2381 754 2458 dicuutur,
780 2403 850 2445 curn
876 2381 1014 2463 primum
1038 2382 1070 2444 in
1096 2381 1211 2464 vulgus
1233 2381 1333 2444 edun·

154 2493 216 2565 tur,
241 2489 333 2572 quasi
356 2488 550 2573 provulgari.
596 2494 631 2551 P.
654 2491 733 2549 224.

157 2591 207 2655 Pr
221 2614 240 2655 o
254 2592 328 2655 vin
340 2614 357 2656 c
369 2592 379 2655 i
392 2613 440 2655 as
469 2591 687 2675 appellantur,
720 2591 804 2674 quod
833 2589 970 2673 populus
994 2588 1156 2653 Romanus
1183 2611 1235 2653 ess
1259 2611 1333 2673 pro·

154 2696 296 2773 ricit,id
320 2701 465 2760 estante
490 2695 574 2762 vicit.
622 2694 655 2760 P.
680 2699 760 2758 226.

154 2801 210 2866 Pu
224 2803 245 2867 b
257 2802 268 2865 l
280 2803 290 2864 i
304 2823 353 2867 ca
376 2824 397 2884 p
409 2823 459 2865 on
474 2801 492 2864 d
505 2824 522 2864 e
534 2823 550 2864 r
563 2823 582 2863 a
606 2798 661 2885 [od
686 2800 856 2881 lepitimour
874 2820 1018 2864 uersuum
1034 2807 1145 2865 erroro
1157 2798 1277 2882 fuisse]
1294 2822 1333 2864 ex

158 2929 195 2971 ea
217 2928 313 2972 causa
330 2905 441 2970 Iunius
464 2905 496 2968 in
522 2905 544 2986 [.
562 2953 595 2968 ..
621 2904 771 2986 rolh'pih,
795 2905 877 2988 quod
903 2905 966 2967 duo
982 2903 1080 2980 Siliil,
1103 2903 1138 2968 P.
1158 2910 1190 2970 et
1205 2904 1257 2982 M,
1273 2906 1333 2968 tri·

156 3012 263 3097 b(uni)
281 3010 425 3096 pleblis),
442 3010 586 3094 rogarint
602 3008 652 3072 his
669 3008 789 3072 verbis:
814 3008 874 3072 ‘Ex
890 3009 1080 3092 ponderibus
1097 3009 1180 3074 cet'l
1203 3009 1242 3073 F.
1255 3014 1333 3073 246.

154 3115 333 3181 Publica
357 3137 490 3191 secra,
515 3136 596 3198 quae
618 3112 746 3197 publico
767 3117 896 3196 sumptu
912 3136 969 3197 pro
985 3113 1103 3197 populo
1119 3114 1210 3189 fiunt,
1235 3135 1334 3197 quae·

155 3244 215 3305 que
246 3244 304 3306 pro
327 3220 490 3286 montibus
521 3220 613 3304 pagis
643 3220 726 3283 curis
749 3217 889 3287 sacellis:
921 3217 971 3281 at⁸
995 3219 1137 3300 privata,
1170 3240 1251 3302 quae
1274 3239 1334 3301 pro

155 3327 291 3411 singulis
314 3325 498 3391 hominibus
526 3325 658 3388 familiis
680 3325 829 3409 gentibus
853 3323 944 3387 fiunt.
989 3322 1030 3386 F.
1054 3327 1130 3387 245.

156 3430 389 3496 Publicius
413 3430 513 3494 clivus
536 3430 726 3513 appelletur,
751 3451 845 3513 quem
869 3429 930 3492 duo
953 3427 1070 3492 fratres
1092 3426 1126 3491 L.
1147 3427 1190 3491 M.
1208 3424 1334 3491 Publici

157 3536 327 3614 Malleoli⁹,
352 3536 470 3600 aediles
494 3534 657 3617 curlules),
681 3534 864 3617 pecuaris¹⁰
892 3531 1108 3596 condemnatis
1131 3553 1169 3595 ex
1190 3532 1334 3614 pecunia,

156 3663 251 3725 quarn
277 3645 479 3724 ceperant¹¹,
504 3640 696 3717 munierunt,
725 3640 815 3702 utin
842 3636 1036 3700 Aventinum
1061 3634 1197 3700 vehiculi
1221 3634 1273 3700 hel
1290 3634 1334 3719 (Ρ)

247 3951 271 4019 1)
290 3948 396 4004 maiore
417 3949 473 4004 rod.
503 3978 534 3987 -
560 3947 588 4016 2)
607 3945 698 4016 proles
705 3965 715 4013 ‚·
739 3945 835 3998 emend.
857 3945 992 4012 Huschke,
1011 3944 1067 3998 Ser.
1091 3944 1158 3998 Tull.
1173 3962 1201 4013 p.
1222 3946 1279 3998 187.
1298 3974 1333 3982 -

155 4038 183 4109 3)
201 4039 248 4092 hic
267 4037 409 4106 significat
422 4034 585 4105 prohibusse
604 4033 660 4088 cod.
688 4032 812 4102 [Eruend.
833 4048 886 4101 epo.
905 4030 956 4085 Te.
968 4032 1017 4102 lu]
1039 4061 1068 4071 -
1090 4034 1117 4101 l)
1137 4030 1203 4103 [Ser.
1224 4030 1332 4085 hostem

156 4123 278 4195 percussi
297 4140 388 4193 saepe,
408 4137 498 4191 saepe.
532 4119 581 4172 Ta.
601 4118 648 4188 ll]
677 4148 709 4158 -
737 4119 767 4187 5)
785 4117 892 4187 profuit
910 4118 966 4172 cod.
994 4146 1026 4157 -
1056 4119 1083 4187 6)
1102 4116 1158 4170 silli
1177 4117 1232 4170 cod.
1253 4147 1286 4155 -
1306 4121 1334 4185 7)

157 4211 198 4280 Cf.
219 4211 355 4280 tom.1p.
372 4214 441 4277 46,3.
467 4237 498 4248 -
519 4209 546 4276 8)
565 4206 601 4260 ad
620 4207 679 4261 eod.
699 4236 729 4244 -
751 4205 781 4273 9)
800 4205 926 4260 malteoli
946 4205 1001 4261 cod.
1022 4236 1051 4245 -
1075 4205 1118 4273 10)
1135 4221 1237 4274 pe...
1256 4203 1334 4257 ueris

156 4301 212 4353 cod.
233 4330 266 4340 -
289 4301 332 4370 ll)
351 4301 481 4368 coeperat
500 4296 555 4350 cod
574 4324 610 4335 -
630 4295 673 4365 12)
692 4292 813 4348 uehicnli
832 4292 877 4347 bel
898 4291 992 4346 uenire
1004 4291 1092 4361 possit
1110 4290 1180 4357 θοάς
1199 4289 1335 4344 vehiculis

157 4387 261 4456 Vel(ia)
281 4386 379 4441 emend.
405 4384 473 4451 Ura,
493 4384 579 4437 veniri
600 4382 680 4450 Seol,
700 4382 808 4452 possint
826 4383 897 4450 Auo.
