<?xml version="1.0" encoding="UTF-8"?>
<!DOCTYPE html PUBLIC "-//W3C//DTD XHTML 1.0 Transitional//EN"
    "http://www.w3.org/TR/xhtml1/DTD/xhtml1-transitional.dtd">
<html xmlns="http://www.w3.org/1999/xhtml" xml:lang="en" lang="en">
 <head>
  <title>
</title>
<meta http-equiv="Content-Type" content="text/html;charset=utf-8" />
  <meta name='ocr-system' content='tesseract 3.04.00' />
  <meta name='ocr-capabilities' content='ocr_page ocr_carea ocr_par ocr_line ocrx_word'/>
</head>
<body>
  <div class='ocr_page' id='page_1' title='image "./fontesiurisroma03brungoog_0516.png"; bbox 0 0 2992 5040; ppageno 0'>
   <div class='ocr_carea' id='block_1_1' title="bbox 672 327 1331 401">
    <p class='ocr_par' dir='ltr' id='par_1_1' title="bbox 672 327 1331 401">
     <span class='ocr_line' id='line_1_1' title="bbox 672 327 1331 401; baseline -0.002 -20"><span class='ocrx_word' id='word_1_1' title='bbox 672 327 814 383; x_wconf 80' lang='lat' dir='ltr'>Asconius.</span> <span class='ocrx_word' id='word_1_2' title='bbox 1292 337 1331 401; x_wconf 85' lang='lat'>71</span> 
     </span>
    </p>
   </div>
   <div class='ocr_carea' id='block_1_2' title="bbox 151 504 1336 2586">
    <p class='ocr_par' dir='ltr' id='par_1_2' title="bbox 151 504 1336 1640">
     <span class='ocr_line' id='line_1_2' title="bbox 151 504 1336 589; baseline 0.008 -20"><span class='ocrx_word' id='word_1_3' title='bbox 151 508 243 570; x_wconf 85' lang='lat' dir='ltr'>tavit.</span> <span class='ocrx_word' id='word_1_4' title='bbox 290 505 381 582; x_wconf 79' lang='lat' dir='ltr'>Quod</span> <span class='ocrx_word' id='word_1_5' title='bbox 415 528 486 571; x_wconf 92' lang='lat' dir='ltr'>cum</span> <span class='ocrx_word' id='word_1_6' title='bbox 514 504 661 589; x_wconf 87' lang='lat' dir='ltr'>improbe</span> <span class='ocrx_word' id='word_1_7' title='bbox 695 504 766 568; x_wconf 88' lang='lat' dir='ltr'>fieri</span> <span class='ocrx_word' id='word_1_8' title='bbox 798 505 854 570; x_wconf 87' lang='lat' dir='ltr'>C.¹</span> <span class='ocrx_word' id='word_1_9' title='bbox 885 504 960 570; x_wconf 91' lang='lat' dir='ltr'>Piso</span> <span class='ocrx_word' id='word_1_10' title='bbox 989 509 1100 572; x_wconf 92' lang='lat' dir='ltr'>consul</span> <span class='ocrx_word' id='word_1_11' title='bbox 1132 510 1336 578; x_wconf 87' lang='lat' dir='ltr'>vehementer</span> 
     </span>
     <span class='ocr_line' id='line_1_3' title="bbox 152 607 1336 702; baseline 0.008 -29"><span class='ocrx_word' id='word_1_12' title='bbox 152 615 339 695; x_wconf 80' lang='lat' dir='ltr'>quereretur</span> <span class='ocrx_word' id='word_1_13' title='bbox 363 607 543 696; x_wconf 75' lang='lat' dir='ltr'>[tolliqne²]</span> <span class='ocrx_word' id='word_1_14' title='bbox 568 609 774 675; x_wconf 78' lang='lat' dir='ltr'><strong>tribuniciam</strong></span> <span class='ocrx_word' id='word_1_15' title='bbox 797 611 1056 677; x_wconf 75' lang='lat' dir='ltr'>intercessionem</span> <span class='ocrx_word' id='word_1_16' title='bbox 1079 615 1212 692; x_wconf 89' lang='lat' dir='ltr'>diceret,</span> <span class='ocrx_word' id='word_1_17' title='bbox 1243 620 1336 702; x_wconf 83' lang='lat' dir='ltr'>gravi</span> 
     </span>
     <span class='ocr_line' id='line_1_4' title="bbox 152 715 1334 801; baseline 0.008 -23"><span class='ocrx_word' id='word_1_18' title='bbox 152 717 295 779; x_wconf 86' lang='lat' dir='ltr'>convicio</span> <span class='ocrx_word' id='word_1_19' title='bbox 319 739 337 779; x_wconf 89' lang='lat' dir='ltr'>a</span> <span class='ocrx_word' id='word_1_20' title='bbox 360 715 479 799; x_wconf 93' lang='lat' dir='ltr'>populo</span> <span class='ocrx_word' id='word_1_21' title='bbox 503 719 653 798; x_wconf 83' lang='lat' dir='ltr'>exceptus</span> <span class='ocrx_word' id='word_1_22' title='bbox 677 720 739 793; x_wconf 84' lang='lat' dir='ltr'>est,</span> <span class='ocrx_word' id='word_1_23' title='bbox 762 751 805 762; x_wconf 94' lang='lat'>-·-</span> <span class='ocrx_word' id='word_1_24' title='bbox 829 716 1013 801; x_wconf 79' lang='lat' dir='ltr'>lapidesque</span> <span class='ocrx_word' id='word_1_25' title='bbox 1036 720 1132 784; x_wconf 89' lang='lat' dir='ltr'>etiam</span> <span class='ocrx_word' id='word_1_26' title='bbox 1156 744 1194 785; x_wconf 86' lang='lat' dir='ltr'>ex</span> <span class='ocrx_word' id='word_1_27' title='bbox 1218 724 1334 788; x_wconf 88' lang='lat' dir='ltr'>ultima</span> 
     </span>
     <span class='ocr_line' id='line_1_5' title="bbox 154 820 1335 910; baseline 0.008 -26"><span class='ocrx_word' id='word_1_28' title='bbox 154 822 302 885; x_wconf 90' lang='lat' dir='ltr'>contione</span> <span class='ocrx_word' id='word_1_29' title='bbox 324 820 358 883; x_wconf 93' lang='lat' dir='ltr'>in</span> <span class='ocrx_word' id='word_1_30' title='bbox 383 820 544 884; x_wconf 91' lang='lat' dir='ltr'>consulem</span> <span class='ocrx_word' id='word_1_31' title='bbox 568 821 654 899; x_wconf 88' lang='lat' dir='ltr'>iacti,</span> <span class='ocrx_word' id='word_1_32' title='bbox 687 842 751 905; x_wconf 92' lang='lat' dir='ltr'>qno</span> <span class='ocrx_word' id='word_1_33' title='bbox 773 821 915 885; x_wconf 79' lang='lat' dir='ltr'>tumultu</span> <span class='ocrx_word' id='word_1_34' title='bbox 939 822 1105 889; x_wconf 79' lang='lat' dir='ltr'>Cornelius</span> <span class='ocrx_word' id='word_1_35' title='bbox 1128 827 1335 910; x_wconf 87' lang='lat' dir='ltr'>perturbatus</span> 
     </span>
     <span class='ocr_line' id='line_1_6' title="bbox 155 926 1336 1020; baseline 0.006 -29"><span class='ocrx_word' id='word_1_36' title='bbox 155 926 324 991; x_wconf 90' lang='lat' dir='ltr'>concilium</span> <span class='ocrx_word' id='word_1_37' title='bbox 348 926 542 990; x_wconf 89' lang='lat' dir='ltr'>dimisit...</span> <span class='ocrx_word' id='word_1_38' title='bbox 567 926 684 990; x_wconf 83' lang='lat' dir='ltr'>Actum</span> <span class='ocrx_word' id='word_1_39' title='bbox 709 926 822 990; x_wconf 90' lang='lat' dir='ltr'>deinde</span> <span class='ocrx_word' id='word_1_40' title='bbox 845 927 954 992; x_wconf 89' lang='lat' dir='ltr'>eadem</span> <span class='ocrx_word' id='word_1_41' title='bbox 979 928 1018 993; x_wconf 92' lang='lat' dir='ltr'>de</span> <span class='ocrx_word' id='word_1_42' title='bbox 1039 951 1073 993; x_wconf 90' lang='lat' dir='ltr'>re</span> <span class='ocrx_word' id='word_1_43' title='bbox 1096 931 1128 994; x_wconf 95' lang='lat' dir='ltr'>in</span> <span class='ocrx_word' id='word_1_44' title='bbox 1145 937 1257 1001; x_wconf 88' lang='lat' dir='ltr'>senatu</span> <span class='ocrx_word' id='word_1_45' title='bbox 1274 931 1336 1020; x_wconf 84' lang='lat' dir='ltr'>[est</span> 
     </span>
     <span class='ocr_line' id='line_1_7' title="bbox 156 1030 1335 1122; baseline 0.008 -28"><span class='ocrx_word' id='word_1_46' title='bbox 156 1031 296 1115; x_wconf 84' lang='lat' dir='ltr'>magnis]</span> <span class='ocrx_word' id='word_1_47' title='bbox 320 1031 590 1095; x_wconf 87' lang='lat' dir='ltr'>contentionibus.</span> <span class='ocrx_word' id='word_1_48' title='bbox 637 1030 717 1095; x_wconf 86' lang='lat' dir='ltr'>Tum</span> <span class='ocrx_word' id='word_1_49' title='bbox 736 1030 901 1096; x_wconf 86' lang='lat' dir='ltr'>Cornelius</span> <span class='ocrx_word' id='word_1_50' title='bbox 924 1033 971 1096; x_wconf 88' lang='lat' dir='ltr'>ita</span> <span class='ocrx_word' id='word_1_51' title='bbox 994 1033 1076 1098; x_wconf 86' lang='lat' dir='ltr'>ferre</span> <span class='ocrx_word' id='word_1_52' title='bbox 1100 1033 1243 1122; x_wconf 89' lang='lat' dir='ltr'>[rursus]</span> <span class='ocrx_word' id='word_1_53' title='bbox 1263 1060 1335 1104; x_wconf 91' lang='lat' dir='ltr'>coe·</span> 
     </span>
     <span class='ocr_line' id='line_1_8' title="bbox 155 1134 1333 1228; baseline 0.007 -29"><span class='ocrx_word' id='word_1_54' title='bbox 155 1136 213 1220; x_wconf 83' lang='lat' dir='ltr'>pit,</span> <span class='ocrx_word' id='word_1_55' title='bbox 237 1156 277 1198; x_wconf 90' lang='lat' dir='ltr'>ne</span> <span class='ocrx_word' id='word_1_56' title='bbox 300 1135 371 1218; x_wconf 93' lang='lat' dir='ltr'>quis</span> <span class='ocrx_word' id='word_1_57' title='bbox 395 1134 428 1197; x_wconf 93' lang='lat' dir='ltr'>in</span> <span class='ocrx_word' id='word_1_58' title='bbox 453 1138 567 1199; x_wconf 89' lang='lat' dir='ltr'>senatu</span> <span class='ocrx_word' id='word_1_59' title='bbox 589 1135 715 1221; x_wconf 81' lang='lat' dir='ltr'>legibus</span> <span class='ocrx_word' id='word_1_60' title='bbox 738 1134 924 1215; x_wconf 87' lang='lat' dir='ltr'>solveretur,</span> <span class='ocrx_word' id='word_1_61' title='bbox 949 1138 1011 1201; x_wconf 91' lang='lat' dir='ltr'>nisi</span> <span class='ocrx_word' id='word_1_62' title='bbox 1036 1137 1102 1224; x_wconf 81' lang='lat' dir='ltr'>[CC</span> <span class='ocrx_word' id='word_1_63' title='bbox 1124 1163 1189 1204; x_wconf 90' lang='lat' dir='ltr'>non</span> <span class='ocrx_word' id='word_1_64' title='bbox 1213 1142 1333 1228; x_wconf 90' lang='lat' dir='ltr'>minus]</span> 
     </span>
     <span class='ocr_line' id='line_1_9' title="bbox 153 1238 1333 1328; baseline 0.008 -25"><span class='ocrx_word' id='word_1_65' title='bbox 153 1240 338 1318; x_wconf 84' lang='lat' dir='ltr'>adfuissent,</span> <span class='ocrx_word' id='word_1_66' title='bbox 362 1261 443 1303; x_wconf 88' lang='lat' dir='ltr'>neve</span> <span class='ocrx_word' id='word_1_67' title='bbox 466 1239 548 1322; x_wconf 90' lang='lat' dir='ltr'>quis,</span> <span class='ocrx_word' id='word_1_68' title='bbox 572 1261 643 1304; x_wconf 91' lang='lat' dir='ltr'>cum</span> <span class='ocrx_word' id='word_1_69' title='bbox 668 1239 752 1324; x_wconf 91' lang='lat' dir='ltr'>[quis</span> <span class='ocrx_word' id='word_1_70' title='bbox 775 1240 823 1303; x_wconf 91' lang='lat' dir='ltr'>ita</span> <span class='ocrx_word' id='word_1_71' title='bbox 838 1238 974 1328; x_wconf 81' lang='lat' dir='ltr'>solutus]</span> <span class='ocrx_word' id='word_1_72' title='bbox 999 1248 1091 1321; x_wconf 84' lang='lat' dir='ltr'>esset,</span> <span class='ocrx_word' id='word_1_73' title='bbox 1115 1246 1333 1327; x_wconf 88' lang='lat' dir='ltr'>intercederet,</span> 
     </span>
     <span class='ocr_line' id='line_1_10' title="bbox 153 1341 1335 1434; baseline 0.008 -26"><span class='ocrx_word' id='word_1_74' title='bbox 153 1367 224 1409; x_wconf 89' lang='lat' dir='ltr'>oum</span> <span class='ocrx_word' id='word_1_75' title='bbox 241 1345 279 1409; x_wconf 91' lang='lat' dir='ltr'>de</span> <span class='ocrx_word' id='word_1_76' title='bbox 295 1367 332 1408; x_wconf 88' lang='lat' dir='ltr'>ea</span> <span class='ocrx_word' id='word_1_77' title='bbox 347 1366 381 1408; x_wconf 90' lang='lat' dir='ltr'>re</span> <span class='ocrx_word' id='word_1_78' title='bbox 399 1341 448 1430; x_wconf 81' lang='lat' dir='ltr'>[ad</span> <span class='ocrx_word' id='word_1_79' title='bbox 466 1341 633 1430; x_wconf 89' lang='lat' dir='ltr'>populum]</span> <span class='ocrx_word' id='word_1_80' title='bbox 651 1343 798 1409; x_wconf 82' lang='lat' dir='ltr'>ferretur.</span> <span class='ocrx_word' id='word_1_81' title='bbox 835 1344 924 1410; x_wconf 90' lang='lat' dir='ltr'>Haec</span> <span class='ocrx_word' id='word_1_82' title='bbox 940 1347 1008 1412; x_wconf 91' lang='lat' dir='ltr'>siue</span> <span class='ocrx_word' id='word_1_83' title='bbox 1024 1351 1166 1415; x_wconf 88' lang='lat' dir='ltr'>tumultu</span> <span class='ocrx_word' id='word_1_84' title='bbox 1182 1375 1232 1417; x_wconf 94' lang='lat' dir='ltr'>res</span> <span class='ocrx_word' id='word_1_85' title='bbox 1249 1353 1335 1434; x_wconf 86' lang='lat' dir='ltr'>[acts</span> 
     </span>
     <span class='ocr_line' id='line_1_11' title="bbox 153 1449 1335 1540; baseline 0.007 -26"><span class='ocrx_word' id='word_1_86' title='bbox 153 1451 224 1534; x_wconf 77' lang='lat' dir='ltr'>estl.</span> <span class='ocrx_word' id='word_1_87' title='bbox 271 1449 374 1514; x_wconf 92' lang='lat' dir='ltr'>Nemo</span> <span class='ocrx_word' id='word_1_88' title='bbox 398 1450 481 1513; x_wconf 87' lang='lat' dir='ltr'>enim</span> <span class='ocrx_word' id='word_1_89' title='bbox 506 1470 624 1533; x_wconf 84' lang='lat' dir='ltr'>negare</span> <span class='ocrx_word' id='word_1_90' title='bbox 647 1454 774 1534; x_wconf 87' lang='lat' dir='ltr'>poterat</span> <span class='ocrx_word' id='word_1_91' title='bbox 796 1473 855 1534; x_wconf 89' lang='lat' dir='ltr'>pro</span> <span class='ocrx_word' id='word_1_92' title='bbox 879 1449 1037 1540; x_wconf 88' lang='lat' dir='ltr'>[senatus]</span> <span class='ocrx_word' id='word_1_93' title='bbox 1060 1457 1252 1522; x_wconf 89' lang='lat' dir='ltr'>auctoritate</span> <span class='ocrx_word' id='word_1_94' title='bbox 1268 1481 1335 1524; x_wconf 88' lang='lat' dir='ltr'>esse</span> 
     </span>
     <span class='ocr_line' id='line_1_12' title="bbox 153 1555 607 1640; baseline -0.004 -20"><span class='ocrx_word' id='word_1_95' title='bbox 153 1579 222 1620; x_wconf 87' lang='lat' dir='ltr'>eam</span> <span class='ocrx_word' id='word_1_96' title='bbox 247 1557 358 1640; x_wconf 83' lang='lat' dir='ltr'>legem.</span> <span class='ocrx_word' id='word_1_97' title='bbox 406 1555 607 1638; x_wconf 83' lang='lat'><em>(56:50.)</em></span> 
     </span>
    </p>

    <p class='ocr_par' dir='ltr' id='par_1_3' title="bbox 154 1658 1335 2064">
     <span class='ocr_line' id='line_1_13' title="bbox 243 1658 1335 1749; baseline 0.007 -25"><span class='ocrx_word' id='word_1_98' title='bbox 243 1658 376 1747; x_wconf 72' lang='lat' dir='ltr'>Alilam]</span> <span class='ocrx_word' id='word_1_99' title='bbox 401 1660 515 1724; x_wconf 90' lang='lat' dir='ltr'>deinde</span> <span class='ocrx_word' id='word_1_100' title='bbox 539 1660 640 1744; x_wconf 79' lang='lat' dir='ltr'>legem</span> <span class='ocrx_word' id='word_1_101' title='bbox 658 1659 836 1740; x_wconf 81' lang='lat' dir='ltr'>Cornelius,</span> <span class='ocrx_word' id='word_1_102' title='bbox 860 1663 920 1726; x_wconf 91' lang='lat' dir='ltr'>etsi</span> <span class='ocrx_word' id='word_1_103' title='bbox 935 1684 1028 1727; x_wconf 89' lang='lat' dir='ltr'>nemo</span> <span class='ocrx_word' id='word_1_104' title='bbox 1046 1686 1223 1749; x_wconf 79' lang='lat' dir='ltr'>repugnare</span> <span class='ocrx_word' id='word_1_105' title='bbox 1239 1690 1335 1733; x_wconf 87' lang='lat' dir='ltr'>ausus</span> 
     </span>
     <span class='ocr_line' id='line_1_14' title="bbox 154 1764 1334 1856; baseline 0.005 -25"><span class='ocrx_word' id='word_1_106' title='bbox 154 1772 210 1844; x_wconf 85' lang='lat' dir='ltr'>est,</span> <span class='ocrx_word' id='word_1_107' title='bbox 235 1765 346 1829; x_wconf 87' lang='lat' dir='ltr'>multis</span> <span class='ocrx_word' id='word_1_108' title='bbox 369 1769 476 1828; x_wconf 89' lang='lat' dir='ltr'>tamen</span> <span class='ocrx_word' id='word_1_109' title='bbox 501 1764 611 1828; x_wconf 85' lang='lat' dir='ltr'>invitis</span> <span class='ocrx_word' id='word_1_110' title='bbox 635 1765 729 1828; x_wconf 87' lang='lat' dir='ltr'>tulit:</span> <span class='ocrx_word' id='word_1_111' title='bbox 754 1770 790 1829; x_wconf 89' lang='lat' dir='ltr'>ut</span> <span class='ocrx_word' id='word_1_112' title='bbox 813 1772 976 1850; x_wconf 88' lang='lat' dir='ltr'>praetores</span> <span class='ocrx_word' id='word_1_113' title='bbox 1000 1790 1038 1833; x_wconf 83' lang='lat' dir='ltr'>ex</span> <span class='ocrx_word' id='word_1_114' title='bbox 1054 1769 1164 1834; x_wconf 87' lang='lat' dir='ltr'>edictis</span> <span class='ocrx_word' id='word_1_115' title='bbox 1180 1772 1246 1836; x_wconf 90' lang='lat' dir='ltr'>suis</span> <span class='ocrx_word' id='word_1_116' title='bbox 1261 1795 1334 1856; x_wconf 91' lang='lat' dir='ltr'>per·</span> 
     </span>
     <span class='ocr_line' id='line_1_15' title="bbox 155 1869 1334 1960; baseline 0.004 -24"><span class='ocrx_word' id='word_1_117' title='bbox 155 1873 258 1957; x_wconf 89' lang='lat' dir='ltr'>petuis</span> <span class='ocrx_word' id='word_1_118' title='bbox 281 1871 332 1934; x_wconf 93' lang='lat' dir='ltr'>ius</span> <span class='ocrx_word' id='word_1_119' title='bbox 348 1869 522 1946; x_wconf 80' lang='lat' dir='ltr'>dicerent³;</span> <span class='ocrx_word' id='word_1_120' title='bbox 546 1891 693 1954; x_wconf 89' lang='lat' dir='ltr'>quaeres</span> <span class='ocrx_word' id='word_1_121' title='bbox 710 1871 874 1935; x_wconf 88' lang='lat' dir='ltr'>cunctam⁴</span> <span class='ocrx_word' id='word_1_122' title='bbox 891 1873 1031 1957; x_wconf 79' lang='lat' dir='ltr'>gratiam</span> <span class='ocrx_word' id='word_1_123' title='bbox 1048 1874 1225 1940; x_wconf 87' lang='lat' dir='ltr'>ambitiosis</span> <span class='ocrx_word' id='word_1_124' title='bbox 1241 1899 1334 1960; x_wconf 89' lang='lat' dir='ltr'>prae-</span> 
     </span>
     <span class='ocr_line' id='line_1_16' title="bbox 154 1974 1333 2064; baseline 0.003 -23"><span class='ocrx_word' id='word_1_125' title='bbox 154 1977 288 2051; x_wconf 83' lang='lat' dir='ltr'>toribus,</span> <span class='ocrx_word' id='word_1_126' title='bbox 313 1977 368 2058; x_wconf 94' lang='lat' dir='ltr'>qui</span> <span class='ocrx_word' id='word_1_127' title='bbox 392 1976 479 2040; x_wconf 83' lang='lat' dir='ltr'>varie</span> <span class='ocrx_word' id='word_1_128' title='bbox 502 1975 552 2038; x_wconf 91' lang='lat' dir='ltr'>ius</span> <span class='ocrx_word' id='word_1_129' title='bbox 575 1974 678 2039; x_wconf 90' lang='lat' dir='ltr'>dicere</span> <span class='ocrx_word' id='word_1_130' title='bbox 701 1980 915 2053; x_wconf 82' lang='lat' dir='ltr'>assueverant,</span> <span class='ocrx_word' id='word_1_131' title='bbox 938 1978 1082 2044; x_wconf 78' lang='lat' dir='ltr'>sustulit.</span> <span class='ocrx_word' id='word_1_132' title='bbox 1129 1982 1188 2058; x_wconf 83' lang='grc'>(58</span> <span class='ocrx_word' id='word_1_133' title='bbox 1211 2011 1242 2033; x_wconf 91' lang='grc'>--</span> <span class='ocrx_word' id='word_1_134' title='bbox 1263 1985 1333 2064; x_wconf 77' lang='grc'><strong><em>52.)</em></strong></span> 
     </span>
    </p>

    <p class='ocr_par' dir='ltr' id='par_1_4' title="bbox 152 2080 1334 2586">
     <span class='ocr_line' id='line_1_17' title="bbox 241 2080 1334 2165; baseline 0.005 -21"><span class='ocrx_word' id='word_1_135' title='bbox 241 2080 439 2165; x_wconf 87' lang='lat' dir='ltr'>Frequenter</span> <span class='ocrx_word' id='word_1_136' title='bbox 469 2085 538 2145; x_wconf 93' lang='lat' dir='ltr'>tum</span> <span class='ocrx_word' id='word_1_137' title='bbox 569 2080 665 2145; x_wconf 88' lang='lat' dir='ltr'>etiam</span> <span class='ocrx_word' id='word_1_138' title='bbox 699 2085 807 2145; x_wconf 89' lang='lat' dir='ltr'>coetus</span> <span class='ocrx_word' id='word_1_139' title='bbox 836 2081 1043 2147; x_wconf 89' lang='lat' dir='ltr'>factiosorum</span> <span class='ocrx_word' id='word_1_140' title='bbox 1073 2084 1239 2150; x_wconf 92' lang='lat' dir='ltr'>hominum</span> <span class='ocrx_word' id='word_1_141' title='bbox 1266 2087 1334 2150; x_wconf 91' lang='lat' dir='ltr'>sine</span> 
     </span>
     <span class='ocr_line' id='line_1_18' title="bbox 154 2185 1334 2274; baseline 0.003 -23"><span class='ocrx_word' id='word_1_142' title='bbox 154 2188 281 2271; x_wconf 86' lang='lat' dir='ltr'>publica</span> <span class='ocrx_word' id='word_1_143' title='bbox 314 2187 508 2250; x_wconf 86' lang='lat' dir='ltr'>auctoritate</span> <span class='ocrx_word' id='word_1_144' title='bbox 531 2186 617 2250; x_wconf 90' lang='lat' dir='ltr'>malo</span> <span class='ocrx_word' id='word_1_145' title='bbox 640 2185 769 2269; x_wconf 90' lang='lat' dir='ltr'>publico</span> <span class='ocrx_word' id='word_1_146' title='bbox 792 2186 929 2265; x_wconf 86' lang='lat' dir='ltr'>fiebant,</span> <span class='ocrx_word' id='word_1_147' title='bbox 962 2192 1094 2271; x_wconf 88' lang='lat' dir='ltr'>propter</span> <span class='ocrx_word' id='word_1_148' title='bbox 1116 2191 1201 2274; x_wconf 92' lang='lat' dir='ltr'>quod</span> <span class='ocrx_word' id='word_1_149' title='bbox 1223 2195 1334 2274; x_wconf 88' lang='lat' dir='ltr'>postea</span> 
     </span>
     <span class='ocr_line' id='line_1_19' title="bbox 152 2291 1334 2380; baseline 0.002 -24"><span class='ocrx_word' id='word_1_150' title='bbox 152 2293 288 2377; x_wconf 79' lang='lat' dir='ltr'>collegia</span> <span class='ocrx_word' id='word_1_151' title='bbox 318 2313 343 2358; x_wconf 87' lang='lat' dir='ltr'>s.</span> <span class='ocrx_word' id='word_1_152' title='bbox 369 2313 395 2356; x_wconf 91' lang='lat' dir='ltr'>c.</span> <span class='ocrx_word' id='word_1_153' title='bbox 428 2296 461 2356; x_wconf 92' lang='lat' dir='ltr'>et</span> <span class='ocrx_word' id='word_1_154' title='bbox 483 2291 629 2375; x_wconf 91' lang='lat' dir='ltr'>pluribus</span> <span class='ocrx_word' id='word_1_155' title='bbox 661 2291 787 2373; x_wconf 78' lang='lat' dir='ltr'>legibus</span> <span class='ocrx_word' id='word_1_156' title='bbox 810 2296 887 2356; x_wconf 88' lang='lat' dir='ltr'>suut</span> <span class='ocrx_word' id='word_1_157' title='bbox 909 2292 1055 2371; x_wconf 84' lang='lat' dir='ltr'>sublata,</span> <span class='ocrx_word' id='word_1_158' title='bbox 1085 2299 1211 2378; x_wconf 87' lang='lat' dir='ltr'>praeter</span> <span class='ocrx_word' id='word_1_159' title='bbox 1233 2318 1334 2380; x_wconf 85' lang='lat' dir='ltr'>panca</span> 
     </span>
     <span class='ocr_line' id='line_1_20' title="bbox 153 2397 1332 2482; baseline 0.003 -20"><span class='ocrx_word' id='word_1_160' title='bbox 153 2402 249 2482; x_wconf 87' lang='lat' dir='ltr'>atque</span> <span class='ocrx_word' id='word_1_161' title='bbox 279 2403 381 2475; x_wconf 89' lang='lat' dir='ltr'>certa,</span> <span class='ocrx_word' id='word_1_162' title='bbox 414 2421 495 2481; x_wconf 88' lang='lat' dir='ltr'>quae</span> <span class='ocrx_word' id='word_1_163' title='bbox 527 2397 651 2461; x_wconf 89' lang='lat' dir='ltr'>utilitas</span> <span class='ocrx_word' id='word_1_164' title='bbox 683 2397 823 2461; x_wconf 87' lang='lat' dir='ltr'>civitatis</span> <span class='ocrx_word' id='word_1_165' title='bbox 854 2398 1077 2476; x_wconf 83' lang='lat' dir='ltr'>desiderasset,</span> <span class='ocrx_word' id='word_1_166' title='bbox 1110 2400 1218 2482; x_wconf 89' lang='lat' dir='ltr'>qualia</span> <span class='ocrx_word' id='word_1_167' title='bbox 1240 2402 1332 2464; x_wconf 76' lang='lat' dir='ltr'>sunt⁵</span> 
     </span>
     <span class='ocr_line' id='line_1_21' title="bbox 153 2503 812 2586; baseline 0 -19"><span class='ocrx_word' id='word_1_168' title='bbox 153 2503 318 2567; x_wconf 84' lang='lat' dir='ltr'>fabrorum</span> <span class='ocrx_word' id='word_1_169' title='bbox 342 2503 565 2586; x_wconf 87' lang='lat' dir='ltr'>lictorumque.</span> <span class='ocrx_word' id='word_1_170' title='bbox 611 2507 668 2583; x_wconf 89' lang='lat'>(75</span> <span class='ocrx_word' id='word_1_171' title='bbox 691 2535 720 2556; x_wconf 94' lang='lat'>=</span> <span class='ocrx_word' id='word_1_172' title='bbox 744 2504 812 2583; x_wconf 82' lang='grc'><strong><em>67.)</em></strong></span> 
     </span>
    </p>
   </div>
   <div class='ocr_carea' id='block_1_3' title="bbox 476 2675 1008 2744">
    <p class='ocr_par' dir='ltr' id='par_1_5' title="bbox 476 2675 1008 2744">
     <span class='ocr_line' id='line_1_22' title="bbox 476 2675 1008 2744; baseline 0.004 -14"><span class='ocrx_word' id='word_1_173' title='bbox 476 2676 503 2730; x_wconf 83' lang='grc' dir='ltr'>ὓ.</span> <span class='ocrx_word' id='word_1_174' title='bbox 532 2675 557 2729; x_wconf 86' lang='lat' dir='ltr'>ln</span> <span class='ocrx_word' id='word_1_175' title='bbox 577 2676 728 2732; x_wconf 81' lang='lat' dir='ltr'>oratloncm</span> <span class='ocrx_word' id='word_1_176' title='bbox 749 2677 774 2730; x_wconf 80' lang='lat' dir='ltr'>tn</span> <span class='ocrx_word' id='word_1_177' title='bbox 796 2677 863 2744; x_wconf 74' lang='lat' dir='ltr'>tana</span> <span class='ocrx_word' id='word_1_178' title='bbox 883 2676 1008 2732; x_wconf 74' lang='lat' dir='ltr'>candida.</span> 
     </span>
    </p>
   </div>
   <div class='ocr_carea' id='block_1_4' title="bbox 154 2800 1333 3200">
    <p class='ocr_par' dir='ltr' id='par_1_6' title="bbox 154 2800 1333 3200">
     <span class='ocr_line' id='line_1_23' title="bbox 242 2800 1333 2887; baseline 0.001 -22"><span class='ocrx_word' id='word_1_179' title='bbox 242 2800 420 2865; x_wconf 84' lang='lat' dir='ltr'>Antonium</span> <span class='ocrx_word' id='word_1_180' title='bbox 445 2836 486 2844; x_wconf 88' lang='lat'><em>-</em></span> <span class='ocrx_word' id='word_1_181' title='bbox 511 2822 656 2865; x_wconf 84' lang='lat' dir='ltr'>censores</span> <span class='ocrx_word' id='word_1_182' title='bbox 679 2837 720 2847; x_wconf 91' lang='lat'>—</span> <span class='ocrx_word' id='word_1_183' title='bbox 737 2806 849 2865; x_wconf 86' lang='lat' dir='ltr'>senatu</span> <span class='ocrx_word' id='word_1_184' title='bbox 865 2807 1045 2881; x_wconf 85' lang='lat' dir='ltr'>moverunt,</span> <span class='ocrx_word' id='word_1_185' title='bbox 1069 2825 1242 2887; x_wconf 85' lang='lat' dir='ltr'>causasque</span> <span class='ocrx_word' id='word_1_186' title='bbox 1257 2803 1333 2867; x_wconf 91' lang='lat' dir='ltr'>sub·</span> 
     </span>
     <span class='ocr_line' id='line_1_24' title="bbox 154 2904 1332 2989; baseline 0.001 -19"><span class='ocrx_word' id='word_1_187' title='bbox 154 2907 362 2989; x_wconf 81' lang='lat' dir='ltr'>scripserunt,</span> <span class='ocrx_word' id='word_1_188' title='bbox 396 2905 478 2988; x_wconf 92' lang='lat' dir='ltr'>quod</span> <span class='ocrx_word' id='word_1_189' title='bbox 513 2906 614 2968; x_wconf 90' lang='lat' dir='ltr'>socios</span> <span class='ocrx_word' id='word_1_190' title='bbox 643 2904 823 2987; x_wconf 86' lang='lat' dir='ltr'>diripuerit,</span> <span class='ocrx_word' id='word_1_191' title='bbox 859 2907 942 2988; x_wconf 90' lang='lat' dir='ltr'>quod</span> <span class='ocrx_word' id='word_1_192' title='bbox 974 2906 1126 2970; x_wconf 89' lang='lat' dir='ltr'>indicium</span> <span class='ocrx_word' id='word_1_193' title='bbox 1151 2909 1332 2986; x_wconf 63' lang='lat' dir='ltr'>recusaritl,</span> 
     </span>
     <span class='ocr_line' id='line_1_25' title="bbox 154 3009 1333 3096; baseline 0.002 -22"><span class='ocrx_word' id='word_1_194' title='bbox 154 3012 237 3096; x_wconf 89' lang='lat' dir='ltr'>quod</span> <span class='ocrx_word' id='word_1_195' title='bbox 270 3016 400 3094; x_wconf 88' lang='lat' dir='ltr'>propter</span> <span class='ocrx_word' id='word_1_196' title='bbox 431 3009 513 3073; x_wconf 87' lang='lat' dir='ltr'>aeris</span> <span class='ocrx_word' id='word_1_197' title='bbox 546 3009 641 3073; x_wconf 89' lang='lat' dir='ltr'>alieni</span> <span class='ocrx_word' id='word_1_198' title='bbox 671 3010 925 3094; x_wconf 83' lang='lat' dir='ltr'>magnitudinem</span> <span class='ocrx_word' id='word_1_199' title='bbox 956 3011 1085 3093; x_wconf 89' lang='lat' dir='ltr'>praedia</span> <span class='ocrx_word' id='word_1_200' title='bbox 1113 3012 1333 3095; x_wconf 85' lang='lat' dir='ltr'>manciparit⁷‚</span> 
     </span>
     <span class='ocr_line' id='line_1_26' title="bbox 156 3113 1128 3200; baseline 0 -20"><span class='ocrx_word' id='word_1_201' title='bbox 156 3117 301 3200; x_wconf 89' lang='lat' dir='ltr'>bonaque</span> <span class='ocrx_word' id='word_1_202' title='bbox 324 3137 381 3179; x_wconf 89' lang='lat' dir='ltr'>sua</span> <span class='ocrx_word' id='word_1_203' title='bbox 405 3115 439 3178; x_wconf 94' lang='lat' dir='ltr'>in</span> <span class='ocrx_word' id='word_1_204' title='bbox 463 3119 622 3198; x_wconf 85' lang='lat' dir='ltr'>potestate</span> <span class='ocrx_word' id='word_1_205' title='bbox 645 3136 708 3179; x_wconf 91' lang='lat' dir='ltr'>non</span> <span class='ocrx_word' id='word_1_206' title='bbox 732 3113 876 3182; x_wconf 81' lang='lat' dir='ltr'>habeat⁸.</span> <span class='ocrx_word' id='word_1_207' title='bbox 924 3121 983 3196; x_wconf 75' lang='lat'>(84</span> <span class='ocrx_word' id='word_1_208' title='bbox 1005 3147 1035 3169; x_wconf 96' lang='lat'><strong><em>=</em></strong></span> <span class='ocrx_word' id='word_1_209' title='bbox 1059 3119 1128 3199; x_wconf 80' lang='lat'><em>75.)</em></span> 
     </span>
    </p>
   </div>
   <div class='ocr_carea' id='block_1_5' title="bbox 154 3270 1387 4478">
    <p class='ocr_par' dir='ltr' id='par_1_7' title="bbox 154 3270 1387 4478">
     <span class='ocr_line' id='line_1_27' title="bbox 224 3270 1333 3341; baseline -0.001 -15"><span class='ocrx_word' id='word_1_210' title='bbox 224 3274 250 3341; x_wconf 87' lang='lat' dir='ltr'>l)</span> <span class='ocrx_word' id='word_1_211' title='bbox 263 3272 281 3326; x_wconf 93' lang='lat' dir='ltr'>l.</span> <span class='ocrx_word' id='word_1_212' title='bbox 300 3273 368 3326; x_wconf 63' lang='lat' dir='ltr'>latri.</span> <span class='ocrx_word' id='word_1_213' title='bbox 381 3303 414 3312; x_wconf 86' lang='lat'>-</span> <span class='ocrx_word' id='word_1_214' title='bbox 427 3273 454 3337; x_wconf 81' lang='lat'>2)</span> <span class='ocrx_word' id='word_1_215' title='bbox 464 3270 582 3340; x_wconf 80' lang='lat' dir='ltr'>tollique</span> <span class='ocrx_word' id='word_1_216' title='bbox 592 3288 641 3326; x_wconf 86' lang='lat' dir='ltr'>om.</span> <span class='ocrx_word' id='word_1_217' title='bbox 652 3271 723 3326; x_wconf 77' lang='lat' dir='ltr'>libri.</span> <span class='ocrx_word' id='word_1_218' title='bbox 734 3301 770 3312; x_wconf 97' lang='lat'>-</span> <span class='ocrx_word' id='word_1_219' title='bbox 782 3273 809 3340; x_wconf 83' lang='lat'>8)</span> <span class='ocrx_word' id='word_1_220' title='bbox 824 3270 865 3339; x_wconf 78' lang='lat' dir='ltr'>Os.</span> <span class='ocrx_word' id='word_1_221' title='bbox 879 3270 937 3324; x_wconf 80' lang='lat' dir='ltr'>Dr&#39;o</span> <span class='ocrx_word' id='word_1_222' title='bbox 948 3273 1104 3339; x_wconf 74' lang='lat'><em>36,40(23).·</em></span> <span class='ocrx_word' id='word_1_223' title='bbox 1122 3275 1161 3336; x_wconf 86' lang='grc' dir='ltr'>(Ὁ</span> <span class='ocrx_word' id='word_1_224' title='bbox 1175 3274 1333 3339; x_wconf 75' lang='grc' dir='ltr'>Κορνήλιος)</span> 
     </span>
     <span class='ocr_line' id='line_1_28' title="bbox 155 3360 1335 3428; baseline -0.002 -14"><span class='ocrx_word' id='word_1_225' title='bbox 155 3367 301 3416; x_wconf 69' lang='lat' dir='ltr'>tractatura</span> <span class='ocrx_word' id='word_1_226' title='bbox 320 3360 422 3428; x_wconf 70' lang='grc' dir='ltr'>(νόμον)</span> <span class='ocrx_word' id='word_1_227' title='bbox 441 3362 645 3426; x_wconf 68' lang='grc' dir='ltr'>διενομυθὲτησε</span> <span class='ocrx_word' id='word_1_228' title='bbox 663 3365 711 3412; x_wconf 75' lang='grc' dir='ltr'>καὶ</span> <span class='ocrx_word' id='word_1_229' title='bbox 729 3364 815 3425; x_wconf 76' lang='grc' dir='ltr'>ἕτερον</span> <span class='ocrx_word' id='word_1_230' title='bbox 834 3363 941 3412; x_wconf 74' lang='grc' dir='ltr'>τοιόνδε.</span> <span class='ocrx_word' id='word_1_231' title='bbox 967 3363 992 3410; x_wconf 84' lang='grc' dir='ltr'>οἱ</span> <span class='ocrx_word' id='word_1_232' title='bbox 1010 3365 1150 3428; x_wconf 78' lang='grc' dir='ltr'>στρατηγοὶ</span> <span class='ocrx_word' id='word_1_233' title='bbox 1169 3361 1335 3428; x_wconf 87' lang='lat' dir='ltr'>(praetores)</span> 
     </span>
     <span class='ocr_line' id='line_1_29' title="bbox 154 3448 1334 3514; baseline -0.003 -12"><span class='ocrx_word' id='word_1_234' title='bbox 154 3454 249 3514; x_wconf 84' lang='grc' dir='ltr'>πάντες</span> <span class='ocrx_word' id='word_1_235' title='bbox 274 3453 308 3501; x_wconf 84' lang='grc' dir='ltr'>τὰ</span> <span class='ocrx_word' id='word_1_236' title='bbox 330 3453 419 3501; x_wconf 73' lang='grc' dir='ltr'>δίκαια</span> <span class='ocrx_word' id='word_1_237' title='bbox 447 3448 513 3499; x_wconf 67' lang='grc' dir='ltr'>καθ’</span> <span class='ocrx_word' id='word_1_238' title='bbox 538 3449 687 3499; x_wconf 62' lang='lat' dir='ltr'>&amp;traderer</span> <span class='ocrx_word' id='word_1_239' title='bbox 706 3449 817 3513; x_wconf 79' lang='grc' dir='ltr'>ἔμελλον</span> <span class='ocrx_word' id='word_1_240' title='bbox 838 3449 942 3510; x_wconf 82' lang='grc' dir='ltr'>αὐτοῖς,</span> <span class='ocrx_word' id='word_1_241' title='bbox 970 3449 1168 3514; x_wconf 74' lang='grc' dir='ltr'>συγγράφοντες</span> <span class='ocrx_word' id='word_1_242' title='bbox 1186 3450 1334 3511; x_wconf 73' lang='grc' dir='ltr'>ἐξετίθεσαν</span> 
     </span>
     <span class='ocr_line' id='line_1_30' title="bbox 155 3534 1334 3603; baseline -0.004 -12"><span class='ocrx_word' id='word_1_243' title='bbox 155 3536 341 3603; x_wconf 65' lang='lat' dir='ltr'>(edixerint)-</span> <span class='ocrx_word' id='word_1_244' title='bbox 361 3538 391 3587; x_wconf 82' lang='grc' dir='ltr'>οὐ</span> <span class='ocrx_word' id='word_1_245' title='bbox 410 3538 461 3602; x_wconf 84' lang='grc' dir='ltr'>γάρ</span> <span class='ocrx_word' id='word_1_246' title='bbox 480 3552 521 3585; x_wconf 88' lang='grc' dir='ltr'>πιυ</span> <span class='ocrx_word' id='word_1_247' title='bbox 540 3537 623 3585; x_wconf 84' lang='grc' dir='ltr'>πάντα</span> <span class='ocrx_word' id='word_1_248' title='bbox 638 3537 671 3585; x_wconf 88' lang='grc' dir='ltr'>τὰ</span> <span class='ocrx_word' id='word_1_249' title='bbox 683 3537 854 3600; x_wconf 77' lang='grc' dir='ltr'>δικαιώματα,</span> <span class='ocrx_word' id='word_1_250' title='bbox 874 3534 891 3584; x_wconf 82' lang='lat' dir='ltr'>a</span> <span class='ocrx_word' id='word_1_251' title='bbox 904 3539 961 3600; x_wconf 77' lang='grc' dir='ltr'>περὶ</span> <span class='ocrx_word' id='word_1_252' title='bbox 973 3537 1006 3586; x_wconf 81' lang='grc' dir='ltr'>τὰ</span> <span class='ocrx_word' id='word_1_253' title='bbox 1018 3535 1162 3602; x_wconf 77' lang='grc' dir='ltr'>συμβόλαια</span> <span class='ocrx_word' id='word_1_254' title='bbox 1175 3538 1334 3600; x_wconf 74' lang='grc' dir='ltr'>διετέτακτο,</span> 
     </span>
     <span class='ocr_line' id='line_1_31' title="bbox 154 3620 1336 3689; baseline -0.003 -12"><span class='ocrx_word' id='word_1_255' title='bbox 154 3629 274 3678; x_wconf 79' lang='grc' dir='ltr'><strong>ἐποίουν·</strong></span> <span class='ocrx_word' id='word_1_256' title='bbox 295 3627 355 3676; x_wconf 78' lang='grc' dir='ltr'>οὔτε</span> <span class='ocrx_word' id='word_1_257' title='bbox 375 3626 476 3685; x_wconf 79' lang='grc' dir='ltr'>ἐσάπαξ</span> <span class='ocrx_word' id='word_1_258' title='bbox 494 3620 562 3673; x_wconf 79' lang='grc' dir='ltr'>τοῦτ’</span> <span class='ocrx_word' id='word_1_259' title='bbox 583 3624 696 3682; x_wconf 74' lang='grc' dir='ltr'>ἐποίουν,</span> <span class='ocrx_word' id='word_1_260' title='bbox 715 3624 775 3673; x_wconf 75' lang='grc' dir='ltr'>οὔτε</span> <span class='ocrx_word' id='word_1_261' title='bbox 790 3625 822 3672; x_wconf 82' lang='grc' dir='ltr'>τὰ</span> <span class='ocrx_word' id='word_1_262' title='bbox 835 3626 969 3689; x_wconf 65' lang='grc' dir='ltr'>γραφέντα</span> <span class='ocrx_word' id='word_1_263' title='bbox 981 3625 1102 3688; x_wconf 69' lang='grc' dir='ltr'>ἐτήρουν·</span> <span class='ocrx_word' id='word_1_264' title='bbox 1121 3623 1193 3674; x_wconf 79' lang='grc' dir='ltr'>ἀλλὰ</span> <span class='ocrx_word' id='word_1_265' title='bbox 1204 3624 1336 3686; x_wconf 82' lang='grc' dir='ltr'>πολλάκις</span> 
     </span>
     <span class='ocr_line' id='line_1_32' title="bbox 157 3709 1335 3778; baseline -0.002 -14"><span class='ocrx_word' id='word_1_266' title='bbox 157 3714 221 3764; x_wconf 78' lang='grc' dir='ltr'>αὐτὰ</span> <span class='ocrx_word' id='word_1_267' title='bbox 249 3715 426 3778; x_wconf 61' lang='grc' dir='ltr'>μετέγραψαν,</span> <span class='ocrx_word' id='word_1_268' title='bbox 453 3713 500 3760; x_wconf 74' lang='grc' dir='ltr'>καὶ</span> <span class='ocrx_word' id='word_1_269' title='bbox 525 3710 605 3775; x_wconf 80' lang='grc' dir='ltr'>συχνὰ</span> <span class='ocrx_word' id='word_1_270' title='bbox 628 3711 656 3759; x_wconf 82' lang='grc' dir='ltr'>ἐν</span> <span class='ocrx_word' id='word_1_271' title='bbox 674 3710 757 3775; x_wconf 73' lang='grc' dir='ltr'>τοὺτῳ</span> <span class='ocrx_word' id='word_1_272' title='bbox 777 3711 842 3773; x_wconf 77' lang='grc' dir='ltr'>πρὸς</span> <span class='ocrx_word' id='word_1_273' title='bbox 862 3711 937 3775; x_wconf 78' lang='grc' dir='ltr'>χάριν</span> <span class='ocrx_word' id='word_1_274' title='bbox 956 3712 973 3775; x_wconf 82' lang='grc' dir='ltr'>ἢ</span> <span class='ocrx_word' id='word_1_275' title='bbox 992 3715 1038 3762; x_wconf 77' lang='grc' dir='ltr'>καὶ</span> <span class='ocrx_word' id='word_1_276' title='bbox 1059 3709 1119 3761; x_wconf 79' lang='grc' dir='ltr'>κατ’</span> <span class='ocrx_word' id='word_1_277' title='bbox 1136 3711 1236 3776; x_wconf 66' lang='grc' dir='ltr'>ἔχθραν</span> <span class='ocrx_word' id='word_1_278' title='bbox 1254 3717 1335 3772; x_wconf 80' lang='grc' dir='ltr'>τινῶν,</span> 
     </span>
     <span class='ocr_line' id='line_1_33' title="bbox 155 3793 1335 3865; baseline -0.003 -13"><span class='ocrx_word' id='word_1_279' title='bbox 155 3802 241 3864; x_wconf 79' lang='grc' dir='ltr'>ῶσπερ</span> <span class='ocrx_word' id='word_1_280' title='bbox 262 3803 343 3862; x_wconf 83' lang='grc' dir='ltr'>εἰκὸς,</span> <span class='ocrx_word' id='word_1_281' title='bbox 363 3801 475 3865; x_wconf 77' lang='grc' dir='ltr'>ἐγίνετο.</span> <span class='ocrx_word' id='word_1_282' title='bbox 496 3800 646 3863; x_wconf 78' lang='grc' dir='ltr'>ἐσηγήσατυ</span> <span class='ocrx_word' id='word_1_283' title='bbox 665 3795 801 3864; x_wconf 84' lang='lat' dir='ltr'>(rogavit)</span> <span class='ocrx_word' id='word_1_284' title='bbox 820 3793 866 3847; x_wconf 77' lang='grc' dir='ltr'>οὖν</span> <span class='ocrx_word' id='word_1_285' title='bbox 885 3796 945 3847; x_wconf 82' lang='grc' dir='ltr'>κατ’</span> <span class='ocrx_word' id='word_1_286' title='bbox 963 3799 1048 3862; x_wconf 80' lang='grc' dir='ltr'>ἀρχάς</span> <span class='ocrx_word' id='word_1_287' title='bbox 1067 3815 1095 3849; x_wconf 81' lang='grc' dir='ltr'>τε</span> <span class='ocrx_word' id='word_1_288' title='bbox 1107 3800 1186 3860; x_wconf 68' lang='grc' dir='ltr'>εὐθὺς</span> <span class='ocrx_word' id='word_1_289' title='bbox 1199 3801 1291 3860; x_wconf 82' lang='grc' dir='ltr'>αὐτοὺς</span> <span class='ocrx_word' id='word_1_290' title='bbox 1302 3799 1335 3848; x_wconf 75' lang='grc' dir='ltr'>τὰ</span> 
     </span>
     <span class='ocr_line' id='line_1_34' title="bbox 155 3882 1337 3952; baseline 0 -14"><span class='ocrx_word' id='word_1_291' title='bbox 155 3891 255 3949; x_wconf 73' lang='grc' dir='ltr'>δίκαια,</span> <span class='ocrx_word' id='word_1_292' title='bbox 276 3884 315 3950; x_wconf 75' lang='grc' dir='ltr'>οἷς</span> <span class='ocrx_word' id='word_1_293' title='bbox 332 3890 483 3952; x_wconf 73' lang='grc' dir='ltr'>χρήσονται,</span> <span class='ocrx_word' id='word_1_294' title='bbox 502 3886 651 3950; x_wconf 76' lang='grc' dir='ltr'>προλέγειν,</span> <span class='ocrx_word' id='word_1_295' title='bbox 669 3888 717 3935; x_wconf 72' lang='grc' dir='ltr'>καὶ</span> <span class='ocrx_word' id='word_1_296' title='bbox 736 3887 817 3951; x_wconf 69' lang='grc' dir='ltr'>μηδὲν</span> <span class='ocrx_word' id='word_1_297' title='bbox 836 3882 881 3936; x_wconf 80' lang='grc' dir='ltr'>ἀπ’</span> <span class='ocrx_word' id='word_1_298' title='bbox 901 3887 984 3936; x_wconf 80' lang='grc' dir='ltr'>αὐτῶν</span> <span class='ocrx_word' id='word_1_299' title='bbox 997 3890 1176 3950; x_wconf 76' lang='grc' dir='ltr'>παρατρέπειν.</span> <span class='ocrx_word' id='word_1_300' title='bbox 1196 3915 1230 3924; x_wconf 90' lang='lat'>-</span> <span class='ocrx_word' id='word_1_301' title='bbox 1248 3887 1277 3952; x_wconf 82' lang='lat'>4)</span> <span class='ocrx_word' id='word_1_302' title='bbox 1297 3886 1337 3938; x_wconf 79' lang='lat' dir='ltr'>sic</span> 
     </span>
     <span class='ocr_line' id='line_1_35' title="bbox 157 3968 1334 4040; baseline -0.003 -13"><span class='ocrx_word' id='word_1_303' title='bbox 157 3973 260 4040; x_wconf 75' lang='lat' dir='ltr'>Baiter,</span> <span class='ocrx_word' id='word_1_304' title='bbox 280 3989 344 4027; x_wconf 89' lang='lat' dir='ltr'>eum</span> <span class='ocrx_word' id='word_1_305' title='bbox 358 3977 408 4026; x_wconf 88' lang='lat' dir='ltr'>aut</span> <span class='ocrx_word' id='word_1_306' title='bbox 421 3973 492 4025; x_wconf 78' lang='lat' dir='ltr'>libri.</span> <span class='ocrx_word' id='word_1_307' title='bbox 513 4000 545 4010; x_wconf 92' lang='lat'><em>-</em></span> <span class='ocrx_word' id='word_1_308' title='bbox 566 3973 593 4039; x_wconf 88' lang='grc'><strong><em>5)</em></strong></span> <span class='ocrx_word' id='word_1_309' title='bbox 613 3971 770 4038; x_wconf 79' lang='lat' dir='ltr'>Mommsen,</span> <span class='ocrx_word' id='word_1_310' title='bbox 789 3972 869 4040; x_wconf 88' lang='lat' dir='ltr'>quasi</span> <span class='ocrx_word' id='word_1_311' title='bbox 883 3974 915 4024; x_wconf 90' lang='lat' dir='ltr'>ut</span> <span class='ocrx_word' id='word_1_312' title='bbox 928 3968 998 4026; x_wconf 75' lang='lat' dir='ltr'>lieri.</span> <span class='ocrx_word' id='word_1_313' title='bbox 1018 4001 1049 4010; x_wconf 95' lang='lat'><em>—</em></span> <span class='ocrx_word' id='word_1_314' title='bbox 1071 3973 1098 4038; x_wconf 87' lang='grc'><strong><em>6)</em></strong></span> <span class='ocrx_word' id='word_1_315' title='bbox 1111 3971 1251 4025; x_wconf 88' lang='lat' dir='ltr'>recusauit</span> <span class='ocrx_word' id='word_1_316' title='bbox 1263 3972 1334 4024; x_wconf 65' lang='lat' dir='ltr'>libra</span> 
     </span>
     <span class='ocr_line' id='line_1_36' title="bbox 156 4057 1335 4128; baseline -0.002 -15"><span class='ocrx_word' id='word_1_317' title='bbox 156 4087 191 4100; x_wconf 90' lang='lat'>-</span> <span class='ocrx_word' id='word_1_318' title='bbox 210 4060 237 4128; x_wconf 85' lang='grc'><strong><em>7)</em></strong></span> <span class='ocrx_word' id='word_1_319' title='bbox 257 4059 432 4128; x_wconf 87' lang='lat' dir='ltr'>mancipauit</span> <span class='ocrx_word' id='word_1_320' title='bbox 452 4060 522 4113; x_wconf 79' lang='lat' dir='ltr'>libri.</span> <span class='ocrx_word' id='word_1_321' title='bbox 543 4088 575 4098; x_wconf 94' lang='lat'><em>-</em></span> <span class='ocrx_word' id='word_1_322' title='bbox 594 4059 622 4128; x_wconf 81' lang='lat'>8)</span> <span class='ocrx_word' id='word_1_323' title='bbox 643 4059 730 4114; x_wconf 89' lang='lat' dir='ltr'>habat</span> <span class='ocrx_word' id='word_1_324' title='bbox 743 4059 813 4112; x_wconf 79' lang='lat' dir='ltr'>libri.</span> <span class='ocrx_word' id='word_1_325' title='bbox 828 4089 863 4097; x_wconf 94' lang='lat'><em>-</em></span> <span class='ocrx_word' id='word_1_326' title='bbox 877 4059 919 4126; x_wconf 86' lang='lat' dir='ltr'>Cf.</span> <span class='ocrx_word' id='word_1_327' title='bbox 939 4059 992 4112; x_wconf 71' lang='grc' dir='ltr'>θέο.</span> <span class='ocrx_word' id='word_1_328' title='bbox 1006 4059 1038 4112; x_wconf 83' lang='lat' dir='ltr'>dc</span> <span class='ocrx_word' id='word_1_329' title='bbox 1050 4065 1118 4113; x_wconf 84' lang='lat' dir='ltr'>orat.</span> <span class='ocrx_word' id='word_1_330' title='bbox 1131 4062 1268 4125; x_wconf 78' lang='grc'>2,55,224.·</span> <span class='ocrx_word' id='word_1_331' title='bbox 1287 4057 1335 4111; x_wconf 91' lang='lat' dir='ltr'>ubi</span> 
     </span>
     <span class='ocr_line' id='line_1_37' title="bbox 157 4144 1336 4216; baseline -0.001 -16"><span class='ocrx_word' id='word_1_332' title='bbox 157 4151 223 4200; x_wconf 84' lang='lat' dir='ltr'>aaut</span> <span class='ocrx_word' id='word_1_333' title='bbox 240 4147 271 4200; x_wconf 90' lang='lat' dir='ltr'>hi</span> <span class='ocrx_word' id='word_1_334' title='bbox 289 4146 386 4209; x_wconf 81' lang='lat' dir='ltr'>fundi,</span> <span class='ocrx_word' id='word_1_335' title='bbox 412 4146 511 4210; x_wconf 86' lang='lat' dir='ltr'>Brute,</span> <span class='ocrx_word' id='word_1_336' title='bbox 530 4163 599 4216; x_wconf 88' lang='lat' dir='ltr'>quos</span> <span class='ocrx_word' id='word_1_337' title='bbox 619 4146 671 4200; x_wconf 91' lang='lat' dir='ltr'>tibi</span> <span class='ocrx_word' id='word_1_338' title='bbox 691 4154 774 4216; x_wconf 89' lang='lat' dir='ltr'>pater</span> <span class='ocrx_word' id='word_1_339' title='bbox 792 4146 911 4216; x_wconf 87' lang='lat' dir='ltr'>publicis</span> <span class='ocrx_word' id='word_1_340' title='bbox 929 4145 1138 4202; x_wconf 87' lang='lat' dir='ltr'>commentariis</span> <span class='ocrx_word' id='word_1_341' title='bbox 1155 4144 1336 4213; x_wconf 79' lang='lat' dir='ltr'>consignatos</span> 
     </span>
     <span class='ocr_line' id='line_1_38' title="bbox 156 4231 1387 4303; baseline -0.004 -16"><span class='ocrx_word' id='word_1_342' title='bbox 156 4233 294 4303; x_wconf 71' lang='lat' dir='ltr'>reliquit?</span> <span class='ocrx_word' id='word_1_343' title='bbox 331 4234 385 4288; x_wconf 83' lang='lat' dir='ltr'>Cic.</span> <span class='ocrx_word' id='word_1_344' title='bbox 404 4234 707 4302; x_wconf 61' lang='lat' dir='ltr'>prostituamus:</span> <span class='ocrx_word' id='word_1_345' title='bbox 726 4234 1018 4289; x_wconf 84' lang='lat' dir='ltr'>venireomnessuas</span> <span class='ocrx_word' id='word_1_346' title='bbox 1037 4231 1221 4302; x_wconf 88' lang='lat' dir='ltr'>possessiones</span> <span class='ocrx_word' id='word_1_347' title='bbox 1240 4234 1336 4300; x_wconf 87' lang='lat' dir='ltr'>etpa·</span> <span class='ocrx_word' id='word_1_348' title='bbox 1385 4278 1387 4282; x_wconf 89' lang='lat'>.</span> 
     </span>
     <span class='ocr_line' id='line_1_39' title="bbox 157 4317 1335 4390; baseline -0.004 -15"><span class='ocrx_word' id='word_1_349' title='bbox 157 4321 292 4377; x_wconf 86' lang='lat' dir='ltr'>trimonio</span> <span class='ocrx_word' id='word_1_350' title='bbox 311 4339 339 4376; x_wconf 83' lang='lat' dir='ltr'>se</span> <span class='ocrx_word' id='word_1_351' title='bbox 357 4322 537 4377; x_wconf 89' lang='lat' dir='ltr'>ornatissimo</span> <span class='ocrx_word' id='word_1_352' title='bbox 556 4321 673 4390; x_wconf 88' lang='lat' dir='ltr'>spoliari</span> <span class='ocrx_word' id='word_1_353' title='bbox 693 4321 796 4374; x_wconf 83' lang='lat' dir='ltr'>maluit</span> <span class='ocrx_word' id='word_1_354' title='bbox 816 4319 939 4388; x_wconf 84' lang='lat' dir='ltr'>(Sittius)</span> <span class='ocrx_word' id='word_1_355' title='bbox 957 4336 1041 4390; x_wconf 87' lang='lat' dir='ltr'>quam</span> <span class='ocrx_word' id='word_1_356' title='bbox 1057 4319 1145 4373; x_wconf 87' lang='lat' dir='ltr'>ullam</span> <span class='ocrx_word' id='word_1_357' title='bbox 1159 4335 1266 4374; x_wconf 86' lang='lat' dir='ltr'>moram</span> <span class='ocrx_word' id='word_1_358' title='bbox 1278 4317 1335 4372; x_wconf 93' lang='lat' dir='ltr'>cui·</span> 
     </span>
     <span class='ocr_line' id='line_1_40' title="bbox 155 4397 1335 4478; baseline -0.002 -16"><span class='ocrx_word' id='word_1_359' title='bbox 155 4397 240 4478; x_wconf 80' lang='lat' dir='ltr'>quam</span> <span class='ocrx_word' id='word_1_360' title='bbox 261 4409 322 4462; x_wconf 88' lang='lat' dir='ltr'>fieri</span> <span class='ocrx_word' id='word_1_361' title='bbox 342 4410 510 4465; x_wconf 83' lang='lat' dir='ltr'>creditorum</span> <span class='ocrx_word' id='word_1_362' title='bbox 530 4426 656 4473; x_wconf 71' lang='lat' dir='ltr'>suorum</span> <span class='ocrx_word' id='word_1_363' title='bbox 678 4438 708 4448; x_wconf 98' lang='lat'><em>-</em></span> <span class='ocrx_word' id='word_1_364' title='bbox 730 4425 874 4478; x_wconf 77' lang='lat' dir='ltr'>utinquam</span> <span class='ocrx_word' id='word_1_365' title='bbox 894 4408 946 4462; x_wconf 86' lang='lat' dir='ltr'>sibi</span> <span class='ocrx_word' id='word_1_366' title='bbox 965 4405 1162 4477; x_wconf 76' lang='lat' dir='ltr'>cognationem</span> <span class='ocrx_word' id='word_1_367' title='bbox 1180 4422 1242 4461; x_wconf 86' lang='lat' dir='ltr'>cum</span> <span class='ocrx_word' id='word_1_368' title='bbox 1255 4421 1335 4475; x_wconf 87' lang='lat' dir='ltr'>prae·</span> 
     </span>
    </p>
   </div>
   <div class='ocr_carea' id='block_1_6' title="bbox 0 0 1503 5040">
    <p class='ocr_par' dir='ltr' id='par_1_8' title="bbox 0 0 1503 5040">
     <span class='ocr_line' id='line_1_41' title="bbox 0 0 1503 5040; baseline 0 0"><span class='ocrx_word' id='word_1_369' title='bbox 0 0 1503 5040; x_wconf 95' lang='lat' dir='ltr'> </span> 
     </span>
    </p>
   </div>
  </div>
 </body>
</html>
