2992 5040
624 1000 933 1101 PRAEFATIO

461 1216 773 1284 ammonis
802 1213 1090 1294 colurna.

258 1540 411 1652 Tertiam
443 1588 497 1651 vix
528 1588 694 1652 emiseram
726 1589 821 1652 huius
844 1589 945 1653 libelli
967 1589 1155 1666 editionem,
1187 1608 1258 1650 cum
1281 1606 1365 1649 nova

187 1720 221 1783 in
252 1720 353 1784 lucem
384 1720 528 1804 prodiere
565 1720 643 1784 iuris
667 1724 873 1785 monumenta
895 1721 1084 1804 gravissima
1105 1719 1200 1783 haec:
1235 1715 1364 1782 tabulae

188 1847 311 1907 ceratae
335 1840 554 1926 Pompeianae,
582 1866 682 1924 novae
706 1844 835 1908 tabulae
858 1843 1064 1917 Ursonenses,
1087 1844 1138 1908 lex
1162 1839 1282 1905 metalli
1306 1836 1365 1902 Vi-

188 1966 356 2050 pascensis.
402 1968 492 2044 Quae
526 1958 636 2032 libello
668 1968 775 2032 deesse
805 1988 868 2051 quo
898 1967 1000 2052 magis
1023 1965 1178 2038 dolebam,
1202 1985 1239 2027 eo
1263 1961 1366 2027 liben-

188 2087 252 2152 tius
274 2088 466 2172 bibliopolae
496 2088 571 2153 cedo
599 2110 714 2154 novam
742 2090 806 2153 iam
831 2111 914 2154 nunc
938 2089 1078 2173 poscenti
1101 2088 1282 2152 editionem.
1327 2083 1364 2150 In

189 2233 253 2296 qua
274 2212 458 2278 adornanda
480 2198 540 2277 boc
569 2213 705 2296 primum
732 2212 851 2289 curavi,
875 2217 912 2276 ut
933 2212 996 2276 tria
1019 2212 1074 2275 illa
1088 2217 1294 2275 monumenta
1316 2230 1366 2274 re·

189 2335 386 2418 ciperentur;
410 2336 481 2400 dein
505 2339 538 2400 et
566 2335 631 2398 alia
655 2334 809 2418 quaedam
833 2335 957 2398 minora
979 2339 1011 2398 et
1026 2340 1159 2420 rogante
1184 2335 1284 2397 amico
1299 2331 1365 2396 col·

189 2455 262 2541 lega
290 2456 465 2521 orationem
489 2455 615 2521 Claudii
651 2457 689 2520 de
719 2458 787 2522 iure
819 2456 974 2522 honorum
1006 2456 1107 2522 Gallis
1130 2458 1234 2521 dando
1256 2456 1366 2520 adieci.

190 2577 302 2644 Cetera
332 2599 395 2643 non
425 2580 564 2657 mutavi,
597 2579 659 2643 nisi
689 2581 773 2663 quod
806 2586 922 2645 cuncta
944 2581 1034 2644 novis
1057 2580 1140 2644 curis
1163 2579 1367 2663 pertractavi,

189 2702 344 2784 praetoris
367 2700 505 2764 edictum
528 2703 709 2766 accuratius
733 2703 858 2788 redegi,
887 2704 1044 2769 Bantinae
1067 2701 1195 2768 tabulae
1218 2701 1365 2785 epicrisin

190 2823 415 2892 Buechelerua
438 2824 590 2889 benevole
621 2825 778 2889 adhibuit.
813 2825 863 2890 De
878 2827 1001 2890 ratione
1016 2825 1182 2911 philologa
1198 2846 1281 2888 nunc
1296 2844 1368 2887 cum

189 2943 257 3008 filio
281 2943 378 3014 lvone
402 2947 511 3016 nrum
535 2946 704 3031 philologo
730 2948 819 3030 potui
844 2947 1028 3011 deliberare.

277 3138 397 3223 Scripsi
420 3139 620 3204 Berolini
645 3162 752 3204 mense
776 3136 908 3204 Octobri
932 3162 959 3204 a.
987 3135 1271 3203 MDCCCLXXIX.
