2992 5040
635 300 741 356 Festus.
1239 305 1281 370 47

99 484 131 543 et
154 479 307 563 privatae,
330 478 446 562 quibus
469 478 627 543 neminem
642 477 691 542 uti
716 478 782 563 [ius
798 477 868 562 eall,
892 484 1019 563 praeter
1035 502 1170 564 quorum
1187 485 1280 556 sunt;

100 590 131 648 et
160 585 208 647 ita
235 585 379 667 privatae
401 581 480 648 VIII
504 584 598 666 pedes
628 584 661 646 in
686 583 856 648 latitudine
880 582 1026 671 [babent]
1049 585 1118 649 iure
1140 590 1172 650 et
1197 584 1281 671 lege,

99 688 256 772 publicae,
289 695 445 772 quantum
475 687 558 753 ratio
589 687 741 752 utilitatis
770 688 941 772 permittit.
993 687 1196 777 [Praetereo]
1229 691 1279 756 lex

99 794 187 858 iubet
209 795 343 858 sedecim
367 791 414 880 [in
438 791 583 870 alafracta
604 792 768 877 llelxuque
792 792 886 877 pedes
912 791 1026 878 [lotos]
1051 816 1119 859 esse
1142 795 1219 873 vias,
1244 801 1280 860 ut

101 897 268 984 [odicium]
293 897 371 962 ‘vias
394 899 571 962 muniunto'
595 904 663 964 cett.
712 899 749 962 L.
773 903 847 962 371.
888 897 953 964 Μο.
980 902 1031 964 78.
1046 904 1098 964 85.

101 1003 324 1069 Viatores¹
350 1002 562 1088 appellantur,
587 1004 641 1087 qui
667 1003 912 1087 magistratibus
936 1008 1102 1087 apparent,
1128 1026 1165 1068 eo
1187 1002 1282 1089 quia'

101 1109 209 1173 initio⁸
233 1109 374 1173 omnium
398 1109 541 1173 tribuum
565 1129 637 1172 cum
656 1107 745 1191 agri⁴
769 1107 803 1171 in
819 1108 1002 1193 propinquo
1018 1114 1110 1173 eraut
1126 1109 1214 1172 urbis
1231 1114 1281 1173 at·

102 1235 163 1298 que
185 1214 315 1278 adsidue
339 1214 483 1278 homines
506 1212 766 1290 rusticabantur,
800 1213 940 1277 crebrior
963 1234 1058 1297 opera
1081 1235 1190 1278 eorum
1214 1219 1283 1278 erat

102 1320 134 1382 in
158 1319 210 1383 via
235 1340 330 1402 quam
354 1319 443 1396 urbe,
468 1318 552 1402 quod
577 1319 725 1403 onagris
749 1318 935 1402 plerumque
957 1319 1102 1384 homines
1123 1319 1282 1383 vocaban-

101 1424 172 1487 turl
195 1447 214 1487 a
238 1424 493 1509 magistratibus.
544 1425 580 1488 L.
605 1428 678 1488 371.
726 1424 794 1488 Mo.
819 1428 871 1487 78.

103 1528 232 1612 [Vici]
256 1578 444 1596 ........
464 1527 604 1613 cipiunt⁶
627 1550 665 1593 ex
681 1529 780 1613 agris,
804 1528 860 1613 qui
884 1528 929 1592 ibi
954 1529 1046 1592 villas
1070 1550 1134 1593 non
1150 1529 1280 1607 habent,

102 1639 138 1698 ut
161 1632 261 1698 Marsi
284 1638 340 1698 aut
363 1633 521 1718 Paeligni.
568 1632 628 1698 Sed
654 1657 691 1699 ex
715 1632 808 1699 vicis'
832 1632 951 1718 partim
975 1632 1097 1698 habent
1120 1657 1185 1699 rem
1208 1634 1282 1720 p(u-

103 1737 231 1822 blicam)
262 1743 295 1802 et
317 1740 366 1802 ius
389 1740 515 1817 dicitur,
548 1738 683 1824 partim⁸
707 1739 788 1803 nihil
812 1761 921 1804 eorum
945 1742 1106 1803 ettamen
1129 1739 1175 1802 ibi
1199 1761 1281 1803 nun-

104 1843 197 1908 dinae
219 1844 377 1926 aguntur⁹
401 1844 523 1929 negotii
547 1845 679 1929 gerendi
702 1867 807 1924 causa,
831 1850 863 1909 et
878 1845 1026 1930 magistri
1044 1845 1104 1908 vici
1122 1845 1198 1909 item
1214 1868 1282 1909 ma·

103 1949 197 2033 gistri
230 1949 345 2033 pagi¹⁰
374 1951 545 2034 quotannis
569 1951 660 2015 fiunt.
707 1949 873 2026 Altero¹¹,
897 1972 969 2014 cum
993 1950 1025 2013 id
1047 1970 1149 2035 genus
1173 1950 1282 2014 aedili·

103 2055 222 2118 ciorum
240 2053 407 2118 definiturl
418 2057 445 2130 ²,
469 2076 551 2139 quae
567 2055 764 2120 continentia
780 2060 856 2119 sunt
871 2055 922 2118 his
940 2055 1073 2139 oppidis,
1090 2077 1191 2139 quae.
1207 2060 1277 2119 ..¹³

103 2157 270 2224 itineribus
294 2158 543 2244 regionibusque
567 2160 738 2224 distributa
760 2160 845 2225 inter
868 2181 901 2223 se
925 2160 1057 2238 dietant,
1082 2159 1282 2223 nominibus·

103 2287 164 2349 que
186 2264 393 2328 dissimilibus
416 2265 607 2329 discriminis
631 2287 725 2329 causa
750 2270 826 2329 sunt
842 2265 1019 2349 dispartIta.
1067 2264 1187 2342 Tertia,
1210 2286 1282 2328 curn

103 2370 134 2434 id
158 2391 258 2454 genus
282 2368 495 2434 aedificiorum
520 2370 681 2448 definitur,
706 2393 787 2455 quae
809 2370 843 2433 in
860 2369 976 2454 oppido
1000 2370 1098 2454 privo,
1123 2371 1154 2433 id
1179 2371 1282 2435 estin

102 2478 200 2539 suo¹⁴
226 2474 360 2559 quisque
381 2474 451 2540 loeo
475 2476 605 2559 proprio
630 2475 677 2540 ita
700 2474 858 2554 aedificat,
882 2480 918 2539 ut
942 2475 976 2539 in
1000 2497 1036 2540 eo
1052 2474 1193 2541 aedificio
1209 2497 1282 2558 per·

105 2581 191 2644 rium
214 2580 266 2657 sit,
290 2602 354 2664 quo
377 2581 491 2646 itinere
513 2581 712 2645 habitatores
737 2580 776 2645 ad
792 2603 881 2645 suam
900 2581 1033 2666 quisque
1048 2581 1281 2645 habitationem

104 2685 266 2750 babeat¹⁵
293 2689 514 2761 accessum¹⁶;
542 2686 597 2770 qui
621 2707 684 2751 non
709 2685 858 2751 dicautur
882 2687 1006 2751 ‘vicani’
1020 2691 1069 2765 ¹⁷,
1093 2686 1177 2750 sicut
1199 2685 1281 2761 ii¹⁸,

103 2791 157 2874 qui
180 2795 236 2854 aut
259 2790 291 2853 in
315 2790 422 2874 oppidi
447 2791 592 2868 vicis¹⁹,
623 2796 680 2855 aut
702 2791 746 2869 hi,
775 2793 885 2877 quiin
911 2793 998 2876 agris
1021 2796 1107 2869 sunt,
1135 2791 1278 2856 vicani²⁰

103 2895 314 2979 appellantur.
361 2896 398 2959 L.
421 2901 495 2959 371.
543 2896 609 2959 Mc.
636 2902 690 2959 77.

103 3152 195 3207 miltit
212 3153 257 3208 lex
275 3152 354 3208 iubet
371 3153 488 3209 sedecim
507 3153 722 3224 quindecimque
740 3155 823 3225 pedes
841 3173 900 3211 esse
920 3157 981 3211 vias
1002 3157 1051 3225 qui
1070 3154 1130 3209 vias
1149 3153 1282 3208 muniunt

102 3239 231 3295 onisandi
250 3240 361 3310 lapidas
379 3257 436 3309 qua
455 3240 530 3297 volat
548 3241 578 3296 in
597 3245 692 3298 mento
706 3243 792 3312 agito.
831 3244 960 3300 Restituit
975 3245 1030 3299 Mo.
1037 3264 1046 3313 ,·
1062 3261 1085 3299 o·
1100 3250 1161 3298 torn.
1174 3243 1194 3295 Ι
1199 3259 1229 3310 p.
1245 3245 1283 3294 27

102 3328 156 3381 tob.
181 3328 280 3395 mr.
319 3328 360 3397 Cf.
379 3328 416 3384 D.
434 3331 514 3395 8,3,8.
557 3329 636 3383 Vorr.
655 3331 672 3383 l.
692 3330 710 3384 l.
730 3335 797 3395 7,15.

187 3415 214 3482 l)
231 3416 375 3470 articulum
394 3431 444 3470 om.
465 3416 552 3471 11,-
572 3417 728 3488 2)φιειΑ.
749 3450 781 3459 —
801 3419 959 3489 minicium
979 3418 1007 3474 S.
1029 3450 1059 3459 -
1080 3421 1190 3487 neum
1208 3413 1282 3488 agri]

102 3501 132 3553 in
150 3501 228 3570 agria
246 3500 275 3556 8.
299 3532 331 3542 -
357 3503 383 3571 5)
402 3502 594 3558 auocabantur
614 3503 643 3559 S.
669 3535 693 3544 -
718 3506 745 3575 6)
765 3544 852 3560 .....
871 3506 981 3577 cipiunt
1000 3509 1033 3570 A,
1054 3505 1194 3577 appellari
1214 3504 1283 3559 inci·

103 3587 186 3656 piunt
204 3590 245 3656 (in
261 3591 382 3659 murqine
398 3590 508 3644 additur
526 3591 590 3656 vici)
607 3594 644 3661 Q,
670 3600 752 3647 totam
769 3594 805 3663 qt
827 3611 877 3649 om.
897 3595 962 3650 RS.
993 3626 1027 3634 —
1047 3598 1074 3663 7)
1096 3595 1179 3649 victis
1197 3596 1227 3665 Q.
1247 3622 1281 3634 -

102 3676 130 3745 8)
148 3678 258 3745 partem
278 3678 306 3746 Q.
328 3707 360 3717 -
379 3678 405 3741 9)
423 3677 564 3733 habentur
577 3678 608 3747 Q.
628 3710 662 3719 -—
682 3680 724 3750 10)
744 3681 811 3751 pagi
824 3683 858 3745 A,
880 3684 942 3752 paol
962 3684 992 3753 Q.
1014 3714 1048 3723 -
1068 3684 1112 3751 11)
1131 3683 1238 3738 alterae
1250 3682 1279 3752 Q.

102 3794 137 3803 —
157 3765 199 3832 12)
218 3763 324 3818 aedifici
343 3804 349 3818 .
365 3805 370 3817 .
384 3805 409 3818 ..
427 3765 505 3820 nitur
522 3782 595 3835 quae
613 3768 655 3832 A,
685 3767 805 3823 aedificii
823 3786 896 3839 quae
916 3771 945 3840 Q.
967 3802 1000 3811 —
1021 3773 1064 3843 13)
1088 3771 1231 3826 Lacunam
1247 3772 1283 3824 el·

100 3857 167 3920 quot
186 3852 221 3904 A.
249 3880 276 3888 ·-
303 3853 347 3920 14)
366 3852 439 3922 privi
458 3870 506 3908 suo
526 3858 563 3924 Q,
592 3853 672 3924 prive
691 3856 721 3910 iu
739 3874 789 3912 suc
808 3859 842 3914 A.
862 3887 895 3898 -
919 3860 963 3927 15)
983 3859 1108 3913 habeant
1125 3861 1161 3914 A.
1181 3890 1216 3901 -
1236 3858 1281 3926 16)

107 3938 222 3992 Tertium
250 3939 299 3993 lroc
325 3941 443 3994 oleorum
466 3958 550 4009 percus
577 3959 633 3996 uno
655 3944 705 3998 boc
727 3945 784 3998 loco
806 3952 898 3999 notum
916 3963 970 4000 ease
992 3947 1131 4000 uidebatur
1151 3946 1284 4000 Muellero

99 4043 126 4094 p.
146 4030 210 4093 4135
229 4027 348 4094 sortasse
365 4034 454 4081 autem
471 4029 501 4081 id
518 4031 605 4098 braum
621 4032 790 4100 abnifiootur
808 4035 838 4086 in
857 4033 894 4086 D.
913 4037 1030 4100 3,9,2,5;
1054 4050 1158 4088 scaena
1176 4066 1210 4073 -
1231 4051 1282 4103 po·

103 4112 158 4166 sita
176 4143 209 4152 -
228 4112 258 4166 iu
281 4112 392 4182 publico
416 4114 566 4183 priuatove
595 4117 639 4172 rel
663 4119 692 4172 in
717 4119 791 4184 rien,
819 4138 874 4190 quc
902 4125 999 4174 lamen
1024 4121 1082 4176 loco
1109 4122 1213 4191 passim
1232 4123 1282 4176 ho·

103 4199 191 4254 mines
218 4200 370 4270 spectaculi
397 4218 481 4256 causa
508 4202 711 4270 admittantur5
740 4208 802 4260 item
829 4207 867 4260 D.
889 4211 1019 4275 21,1,4,r:
1050 4206 1100 4277 qui
1130 4225 1179 4278 per
1207 4209 1281 4266 vicos

103 4304 179 4342 more
197 4288 358 4343 insanorum
377 4288 530 4345 deridenda
551 4291 711 4360 loquantur.
738 4323 771 4332 -
798 4294 841 4364 17)
862 4295 958 4348 ricerii
979 4298 1009 4364 Q.
1029 4325 1062 4333 -
1082 4295 1127 4358 18)
1147 4297 1174 4349 bi
1196 4296 1226 4366 Q.
1248 4328 1282 4336 —

105 4375 149 4442 19)
167 4375 227 4428 vias
247 4378 276 4445 Q.
