2992 5040
152 320 217 384 206
596 316 697 371 Edicta
715 317 886 386 praetorum.

152 500 274 572 tronus,
298 493 447 559 liberisva
470 493 546 568 suis,
570 491 672 556 fratre
695 512 813 568 sorore,
839 512 948 568 uxore,
970 512 1079 557 socero
1096 513 1197 567 socru,
1220 515 1340 578 genero

153 622 245 677 nuru,
272 597 385 661 vitrico
408 617 552 674 noverca,
576 595 729 680 privigno
745 595 906 680 privigna,
924 596 1046 680 pupillo
1064 598 1196 682 pupilla,
1213 597 1338 662 furioso

152 704 283 782 furiosa,
307 703 358 768 oui
381 723 490 767 sorum
513 707 678 786 aparente
695 705 752 765 aut
767 701 806 764 de
822 700 951 764 maioris
967 701 1068 785 partis
1084 702 1246 767 tutorom¹
1262 725 1334 768 sen·

155 809 257 873 tentia
280 811 336 872 aut
359 806 399 873 ab
423 828 469 885 ee,
500 806 589 871 cuius
613 807 652 870 de
675 828 713 870 ea
736 828 770 870 re
792 805 972 870 iurisdictio
997 807 1071 885 fuit,
1095 828 1133 871 aa
1156 809 1260 873 tutela
1283 832 1339 873 cu-

154 914 275 977 ratiove
297 913 374 977 data
396 910 485 977 erit².

60 1006 142 1086 2⁸32.
243 1016 298 1081 Vl.
339 1015 396 1080 Dc
427 1014 711 1080 urrdtnrouiis³.
761 1019 788 1080 l.
820 1016 882 1089 oui
912 1017 1069 1082 satisdare
1100 1024 1260 1104 cogantur
1290 1019 1341 1084 vel

153 1123 258 1186 iurato
281 1123 474 1206 promittant
500 1121 548 1185 rel
571 1143 647 1185 suas
669 1121 874 1204 promissioni
897 1122 1169 1188 committantur⁴.

240 1229 269 1292 2.
307 1226 341 1292 Si
373 1251 410 1292 ex
435 1226 544 1291 noxali
577 1248 672 1291 causa
694 1230 829 1311 agatur,
862 1227 1128 1310 quemadmodum
1158 1228 1337 1293 caveatur⁶.

154 1381 264 1396 .....
295 1333 329 1395 in
360 1331 469 1396 eadem
498 1353 594 1395 causa
625 1352 698 1394 eum
720 1329 871 1394 exhibere
902 1332 935 1394 in
959 1353 1024 1414 qua
1045 1336 1123 1397 tuno
1145 1339 1208 1410 est,
1240 1334 1340 1398 donec

153 1438 305 1504 iudicium
329 1436 531 1521 accipiatur⁰.

241 1546 272 1607 3.
306 1541 353 1606 De
376 1563 413 1605 eo
437 1562 493 1625 per
517 1564 611 1625 quem
634 1540 758 1606 factum
782 1543 852 1620 erit,
886 1566 949 1628 quo
972 1545 1077 1608 minus
1102 1545 1173 1629 quis
1199 1547 1339 1611 uadimo-

152 1649 241 1711 nium
265 1644 385 1712 sistat².

47 1749 142 1829 ‘ts'gfgf
242 1750 314 1816 Vll.
352 1751 409 1816 De
437 1753 743 1836 cognitoribus
772 1760 804 1818 et
827 1755 1183 1838 procuratoribus
1213 1761 1251 1820 et
1275 1758 1339 1821 de-

154 1856 424 1921 fensoribus⁸.
473 1859 502 1921 1.
529 1859 591 1938 Qui
616 1880 653 1921 ne
675 1858 746 1921 derit
769 1860 977 1940 copaitorem.
1004 1908 1112 1925 .....
1138 1865 1170 1924 et
1185 1860 1241 1944 qui
1258 1884 1338 1936 eam.

155 1983 251 2045 quam
281 1962 314 2025 in
346 1966 505 2046 potestate
536 1961 649 2039 habet,
681 1984 799 2048 genero
822 1970 960 2039 mortuo,
983 1983 1055 2028 oum
1078 1987 1150 2028 eum
1173 1970 1337 2030 mortuum

153 2088 220 2131 esso
243 2066 353 2141 sciret,
387 2067 419 2130 in
444 2067 685 2131 matrimonium
717 2067 922 2132 collocaverit
948 2091 1057 2134 eamve
1080 2070 1182 2135 sciens
1204 2093 1337 2142 uxorem

153 2171 289 2247 duxerit,
322 2170 433 2254 etqui
457 2191 540 2248 eum,
571 2192 666 2254 quem
689 2170 720 2233 in
747 2175 906 2254 potestate
929 2172 1074 2251 haberet,
1106 2197 1215 2238 earum
1239 2198 1338 2258 quarn

153 2296 282 2340 uxorem
308 2276 422 2342 ducere
445 2297 559 2360 passus
581 2275 698 2338 fuerit:
727 2295 844 2358 quaeue
866 2275 968 2339 virum
991 2282 1155 2361 parentem
1180 2278 1339 2344 liberosve

153 2402 227 2444 suos
259 2383 306 2445 uti
340 2383 439 2446 moris
462 2387 527 2457 est,
559 2401 622 2444 non
646 2379 800 2444 eluxerit:
833 2402 949 2462 qrraece
970 2403 1041 2446 cum
1065 2383 1098 2445 in
1122 2383 1265 2465 parentis
1289 2385 1338 2448 sui

155 2490 313 2569 potestate
337 2507 401 2550 non
425 2491 517 2562 esset,
542 2485 611 2549 viro
631 2489 769 2562 mortuo,
794 2506 953 2549 cumeum
970 2492 1132 2551 mortuum
1148 2510 1216 2552 esse
1231 2490 1338 2564 sciret,

154 2591 240 2654 iutra
263 2591 295 2654 id
319 2595 453 2675 tempus.
478 2613 542 2675 quo
567 2591 696 2673 elugere
721 2590 825 2655 virum
849 2592 947 2656 moris
970 2597 1028 2668 est,
1052 2592 1213 2676 nupserit⁹
1231 2643 1236 2653 .
1257 2643 1264 2656 .
1282 2641 1315 2658 ..

240 2696 269 2759 2.
307 2697 368 2777 Qui
391 2695 563 2759 nectentur
586 2695 802 2777 coyniroresw.

238 2798 268 2864 3.
307 2799 534 2882 Copaitorem¹¹
553 2799 592 2862 ad
609 2799 697 2864 litem
713 2801 946 2884 suscipiendam
964 2801 1086 2879 datum,
1103 2825 1161 2885 pro
1179 2823 1243 2885 quo
1259 2822 1337 2866 con·

151 2902 309 2967 sentiente
339 2903 486 2968 dominus
516 2905 690 2969 iudicatum
714 2907 794 2971 solvi
819 2908 979 2990 exposuit,
1011 2907 1165 2972 iudicium
1189 2908 1335 2991 accipere

151 3005 308 3094 cogam¹⁹.

239 3115 270 3176 4.
304 3113 344 3177 Ei
369 3114 423 3197 qui
446 3113 638 3197 cognitorem
653 3113 793 3192 (dederit.
817 3135 912 3178 coram
930 3116 1049 3197 capuita
1063 3117 1248 3195 permittam
1267 3137 1338 3178 mene

151 3216 297 3281 abdicare
321 3219 366 3281 rot
389 3215 571 3300 inreto)re¹³.

240 3325 269 3385 5.
311 3321 349 3385 δ’)
371 3323 471 3385 ritmico
495 3323 619 3385 rio-urina
641 3317 875 3385 siaemcndotu
891 3336 1057 3396 correction
1075 3315 1171 3378 itcrat.
1207 3317 1333 3396 Quidem

151 3428 346 3508 rerem-icipum
367 3429 491 3489 trontius
508 3449 600 3507 apere
618 3426 751 3490 ticeut¹⁴.

224 3617 248 3678 l)
267 3615 336 3668 Cave
353 3616 419 3683 qued
436 3622 534 3669 tauto:
555 3632 611 3684 αν).
632 3616 668 3668 D.
688 3618 809 3681 ro‚7,3‚5,
835 3613 869 3677 cf.
889 3615 1035 3678 26,7‚3,1.7.
1074 3610 1115 3674 Cf.
1136 3610 1160 3662 I.
1182 3609 1209 3664 0.
1232 3610 1335 3676 Naber,

152 3704 281 3756 diacanos.
313 3701 370 3755 NS.
393 3705 494 3769 17,388.
521 3732 556 3739 -
585 3703 612 3770 2)
631 3702 1065 3769 D.3‚2,1icr.3‚r,1,9.11;3pr.
1096 3697 1237 3751 De'tua'us
1255 3698 1338 3751 edicti

148 3790 315 3845 resecatione
333 3791 367 3856 cs.
388 3787 475 3842 ΖΒΘ.
498 3791 537 3853 15,
554 3806 581 3854 p.
595 3790 628 3840 56
637 3805 675 3855 sq.
704 3790 748 3841 ict.
771 3786 833 3842 Gai.
851 3789 936 3852 4,182.
963 3816 996 3824 -
1025 3787 1053 3853 3)
1077 3786 1121 3838 De
1138 3787 1221 3838 corio
1243 3785 1337 3838 edictis

149 3877 198 3931 sub
217 3877 267 3929 doc
285 3877 363 3929 titulo
380 3876 524 3943 propositas
542 3891 564 3930 v.
578 3874 613 3926 E.
628 3874 660 3927 P.
676 3893 706 3942 p.
717 3878 756 3928 65.
779 3904 807 3913 —
828 3873 855 3944 4)
876 3873 960 3926 Rada
980 3872 1017 3926 D.
1036 3876 1095 3939 2,8,·
1114 3874 1148 3940 cf.
1169 3872 1334 3935 01111185.

150 3995 185 4003 -
202 3966 230 4031 5)
249 3963 334 4016 Rada
355 3963 392 4015 D.
410 3966 461 4027 259.
485 3990 514 4000 -
533 3962 560 4029 6)
578 3961 616 4014 D.
635 3966 703 4023 2,9,1
726 3980 767 4029 pr.
801 3991 833 4000 —
859 3961 886 4029 7)
906 3960 991 4014 Rudr.
1012 3959 1047 4011 D.
1066 3963 1141 4022 ¹ald:
1168 3959 1336 4026 quominus

150 4050 211 4119 quis
229 4049 379 4102 in·iudieio
399 4048 488 4101 sistat.
510 4078 542 4087 -
561 4049 590 4115 8)
611 4048 695 4102 Rabr.
710 4050 748 4103 D.
762 4053 806 4112 3,3
823 4048 942 4114 rutnsr.
960 4047 1018 4100 Vct.
1028 4051 1087 4100 317.
1110 4075 1140 4084 -
1159 4046 1185 4115 9)
1206 4045 1256 4099 Fr.
1274 4047 1334 4100 Vnt.

150 4142 212 4190 320.
249 4137 327 4205 Quod
338 4137 379 4204 sr.
398 4136 435 4189 od
453 4137 561 4188 titolum
580 4137 612 4189 dc
630 4137 811 4205 connitoribus
826 4137 959 4203 pertinere
977 4134 1067 4187 docent
1086 4133 1225 4199 Kartowa,
1247 4134 1336 4188 ZRG.

150 4230 181 4292 9,
205 4243 233 4294 p.
252 4229 361 4292 22089.
400 4223 441 4291 ί).
461 4222 497 4276 D.
516 4227 690 4288 3,2,15.17.19.
723 4253 754 4261 —
785 4223 829 4290 10)
850 4221 893 4289 Cf.
912 4219 962 4273 Fr.
988 4220 1045 4275 Vae.
1064 4223 1124 4272 322.
1152 4251 1184 4258 —
1206 4221 1248 4278 ll)
1268 4220 1335 4289 Dio.

150 4314 369 4381 procuretorsm.
402 4310 443 4377 Cf.
465 4310 527 4365 Gai.
546 4315 628 4373 4,]01.
652 4341 685 4349 -
708 4313 750 4378 12)
769 4310 806 4363 D.
825 4312 931 4376 3,3,8‚3.
954 4339 983 4346 -
1006 4307 1049 4377 13)
1069 4305 1119 4359 Fr.
1144 4306 1202 4362 Vnt.
1220 4310 1279 4361 341.
1302 4336 1336 4346 —

153 4400 197 4468 14)
218 4397 259 4466 Os.
278 4397 314 4449 E.
334 4397 364 4449 P.
384 4400 526 4461 ι821131·
547 4398 584 4449 D.
602 4402 686 4463 3‚r,3‚·
707 4397 742 4463 cf.
763 4401 777 4449 7
794 4413 836 4464 pr.
