2992 5040
696 309 913 371 agrimensores.

294 486 355 549 XV
383 487 433 562 13,
457 485 502 550 3.¹
553 484 857 549 Possessiones
880 491 956 549 sunt
979 484 1051 569 agri
1073 487 1138 551 late
1161 492 1308 571 patentes
1332 510 1395 570 pu·

207 591 282 656 blici
305 591 496 674 privatique,
531 614 610 674 qnos
634 591 727 654 initio
752 613 814 654 non
839 591 1085 674 mancipatione,
1117 592 1170 657 sed
1197 595 1333 677 quisque
1358 600 1394 656 ut

206 698 313 781 potuit
336 699 503 781 occupavit
527 703 625 781 atque
648 695 798 780 possedit,
823 698 907 761 uude
931 703 963 761 et
987 700 1173 780 nuncupati.

585 906 624 971 X.
663 905 1014 974 AGRIMENSORES.

277 1073 424 1125 Librorum
442 1072 652 1140 monasticorum
670 1088 775 1124 ⁴sccrrnnc
787 1072 818 1124 in
830 1073 1027 1125 evindicandis
1039 1090 1165 1141 aprorum
1179 1073 1395 1138 condicionibus,

207 1160 404 1223 controversiis,
425 1159 557 1211 limitibus
576 1160 695 1212 vuertitur.
737 1158 823 1214 Cuius
842 1162 980 1215 ‹iactr-inae
996 1162 1176 1228 fnrzdamenta
1186 1163 1281 1230 posuit
1301 1162 1397 1215 lulius

198 1247 363 1301 Frontinus
384 1255 498 1315 tempore
517 1247 673 1301 Domitiani
679 1269 688 1314 ;
707 1251 755 1317 qai
770 1256 834 1317 post
852 1268 912 1303 eum
929 1266 985 1304 rein
997 1248 1331 1317 tractocemntquinca
1352 1248 1395 1301 Si-

207 1337 285 1389 culae
304 1335 434 1400 Flaccus,
454 1336 596 1403 Apennias
621 1335 744 1397 Urbicus,
764 1339 822 1401 alii,
842 1339 872 1391 in
891 1339 1052 1405 explicando
1070 1343 1095 1391 et
1112 1338 1236 1405 cnpeado
1254 1339 1313 1389 eius
1325 1337 1397 1389 libro

207 1427 393 1479 antisteterunt.
433 1430 493 1494 Qua
513 1426 545 1478 dc
563 1442 649 1479 cunsc
667 1426 698 1478 in
716 1428 898 1487 crnrlocundis,
919 1443 986 1494 quos
999 1426 1043 1479 hic
1056 1425 1149 1492 recepi,
1169 1425 1236 1477 loc-is
1249 1440 1291 1477 ms
1300 1424 1396 1490 potius

207 1513 410 1581 coninnpcrntus
425 1514 523 1581 pistari
542 1530 624 1581 quam
642 1515 795 1581 scriptores.
815 1545 849 1552 —
872 1515 983 1567 l'eaetnni
999 1513 1235 1579 corruptissimam
1247 1511 1326 1564 scibis
1340 1516 1395 1563 trc-

206 1602 292 1655 ditnm
312 1601 479 1654 emendatum
492 1601 577 1653 edidit
591 1601 758 1659 Luclnncnn.
778 1602 822 1655 die
832 1601 966 1667 Schriften
979 1602 1027 1654 dci·
1040 1605 1104 1653 roni.
1117 1599 1284 1652 Feldrncsser
1293 1601 1395 1664 (1848),

206 1689 287 1743 caius
307 1688 429 1755 popinas
452 1688 482 1739 in
502 1688 623 1755 mcnpinc
641 1688 741 1741 ructari.
780 1688 971 1741 Institutimces
988 1687 1154 1754 (brunaticus
1176 1686 1201 1738 ei
1219 1684 1334 1737 editioni
1358 1686 1395 1747 (2.

205 1778 357 1840 227-464)
378 1774 488 1828 addicis
508 1773 630 1840 Rectorff
644 1778 721 1828 1852.

298 1929 326 1989 l.
361 1925 416 1989 De
439 1947 640 2009 agrorum
664 1925 884 2008 qualitate
908 1930 940 1987 et
963 1923 1311 1988 condicionibus.

663 2063 808 2118 frontinus
831 2063 900 2117 ttter
919 2063 936 2117 1.

175 2194 196 2246 l.
297 2184 458 2269 Agrorum
483 2183 656 2267 qualitates
681 2189 756 2246 sunt
780 2190 860 2257 tres;
885 2206 948 2247 una
973 2185 1043 2266 agri
1061 2185 1153 2248 divisi
1171 2190 1203 2248 et
1219 2185 1395 2269 adsignati.

207 2291 308 2354 altera
338 2311 488 2353 mensura
521 2311 576 2370 per
600 2290 836 2352 extremitatem
868 2290 1094 2372 conprehensi,
1128 2290 1224 2352 tertia
1247 2289 1396 2354 arcifinii.

206 2397 261 2480 qui
285 2395 374 2458 nulla
398 2416 548 2457 niensura
574 2395 768 2458 continetur.

173 2510 197 2562 2.
297 2501 383 2584 Ager
406 2521 483 2579 ergo
507 2496 678 2562 divisus
702 2499 958 2582 adsignatus
981 2504 1030 2563 est
1054 2500 1261 2563 coloniarum.
1290 2537 1328 2544 —-

172 2624 196 2674 4,
298 2608 383 2688 Ager
406 2610 454 2667 cst
479 2625 677 2667 mensura
701 2604 1056 2687 comprehensus,
1080 2604 1170 2668 cuius
1194 2604 1307 2667 niodus
1324 2604 1399 2666 uni·

208 2730 317 2773 versus
340 2709 462 2772 civitati
487 2713 536 2772 est
560 2709 762 2793 adsignatus,
795 2709 877 2772 sicut
909 2710 943 2771 in
967 2708 1133 2772 Lusitania
1157 2708 1397 2772 Salmaticensi·

171 2831 197 2884 5.
209 2815 267 2878 bns
300 2818 355 2878 aut
382 2813 538 2897 Hispania
568 2815 716 2878 citeriore
741 2814 899 2878 Palatinis
928 2818 960 2878 et
982 2812 1189 2896 conpluribus
1213 2814 1398 2896 provinfciis

207 2918 414 2983 tributarium
438 2920 541 2981 solum
568 2940 622 3000 per
647 2919 891 2982 universitatem
915 2919 1041 3002 populis
1065 2926 1113 2982 est
1137 2918 1314 2982 definitum.

297 3026 384 3107 Ager
407 3031 456 3088 est
481 3024 738 3099 arcifinius,
771 3025 825 3107 qui
851 3023 940 3087 nulla
962 3046 1112 3086 mensura
1135 3022 1333 3088 continetur:
1358 3023 1397 3084 fi-

208 3131 297 3193 nitur
321 3130 494 3192 secundnm
512 3129 680 3212 antiquam
696 3129 950 3192 observationem
968 3128 1165 3203 fluminibus,
1183 3128 1287 3197 fossis.
1305 3149 1398 3191 mon·

207 3236 303 3311 tibus,
331 3234 400 3309 viis,
428 3234 598 3297 arboribus
623 3238 697 3296 ante
720 3233 835 3309 missis,
860 3255 1015 3316 aquarum
1041 3232 1203 3315 divergiis,
1228 3233 1310 3295 etsi
1333 3253 1399 3313 qna

172 3340 279 3407 cioca
312 3344 386 3403 aute
410 3362 427 3402 a
452 3338 659 3422 possessore²
695 3343 869 3421 potuerunt
892 3338 1046 3419 optineri:
1080 3358 1155 3400 nam
1184 3339 1188 3418 l
1214 3356 1292 3419 ager
1315 3336 1398 3398 arci·

207 3445 316 3515 tinius,
347 3446 430 3508 sicut
453 3445 499 3507 ait
525 3443 634 3515 Varro,
661 3445 700 3505 ab
725 3443 867 3506 arcendis
891 3442 1040 3506 hostibus
1064 3447 1111 3505 est
1135 3439 1326 3526 appellatus.
1355 3477 1390 3487 -

209 3548 244 3613 ln
270 3550 320 3612 bis
344 3551 431 3635 agris
455 3550 578 3612 nullum
602 3549 652 3611 ius
676 3548 910 3611 subsicivorum
935 3547 1115 3610 intervenit.

296 3653 347 3717 Su
358 3654 378 3715 b
389 3677 403 3715 s
414 3655 421 3715 i
433 3655 468 3717 ci
482 3675 568 3716 rum
593 3659 652 3729 est,
678 3653 762 3736 quod
786 3676 805 3714 a
820 3654 1007 3715 subsecaute
1032 3651 1116 3714 linea
1132 3671 1247 3713 nomen
1264 3651 1396 3733 accepit.

208 3759 447 3822 Subsicivorniu
480 3777 598 3839 genera
627 3765 703 3820 suut
730 3756 811 3820 duo:
848 3778 963 3832 unum,
995 3755 1079 3840 quod
1111 3756 1142 3817 in
1166 3753 1317 3817 extremis
1340 3754 1399 3817 ad·

173 3883 197 3939 7,
209 3863 410 3947 signatorum
435 3882 587 3938 agrorum
613 3861 733 3923 finibus
757 3861 901 3923 centuria
921 3862 926 3940 Ι
948 3861 1066 3943 expleri
1084 3880 1147 3922 nou
1166 3859 1285 3941 potnit;
1309 3857 1397 3920 alind

280 4034 307 4102 1)
327 4034 429 4087 Isidori
447 4035 514 4086 libri
535 4033 593 4085 XV
609 4034 701 4099 aspira
719 4036 827 4097 13-15,
854 4033 987 4099 iuscripta
1006 4031 1040 4084 de
1059 4031 1145 4099 agris,
1171 4029 1206 4083 de
1225 4029 1335 4093 finibus,
1363 4030 1399 4083 de

210 4121 353 4181 rnensuris,
373 4124 476 4188 intcpru
497 4123 526 4173 in
544 4136 644 4187 corpus
662 4121 873 4186 prorriuticornm
891 4126 997 4187 recepto
1015 4126 1081 4172 sarit
1098 4135 1167 4172 socc.
1189 4117 1261 4169 ΗΠ
1280 4118 1320 4169 cel
1334 4116 1400 4182 lx,-

209 4210 237 4261 in
259 4209 320 4262 ruet.
341 4207 453 4260 luwlun.
474 4209 601 4275 leniantur
616 4225 643 4274 p.
663 4211 716 4259 360¹
733 4224 789 4274 sqq.
811 4236 841 4244 -
862 4208 890 4273 a)
909 4208 948 4258 sic
968 4207 1058 4273 Gnels.
1088 4208 1168 4274 [recte
1186 4205 1237 4258 'l'n.
1252 4203 1310 4272 ΞΜ,
1328 4208 1398 4257 ante

210 4311 362 4362 possessore
377 4298 542 4347 Arccrr'unus
560 4293 653 4355 codes,
672 4310 689 4345 a
703 4297 797 4347 vetere
815 4310 970 4361 possessore
989 4294 1109 4353 Lcctrn..
1130 4292 1289 4361 antiquitus
1305 4310 1323 4345 a
1336 4309 1398 4361 pos·

209 4397 312 4435 sessore
332 4384 477 4449 Aycuru'ns.
