2992 5040
577 1139 847 1225 Exrtlosuu

511 1300 673 1361 srsroauu
687 1288 733 1357 ἐτ
752 1298 917 1357 soranus.

191 1483 314 1537 Litterae
331 1483 454 1537 cursivae
476 1481 506 1535 in
525 1483 605 1535 textu
633 1479 846 1550 inscriptionum
873 1476 1035 1546 distingunt
1060 1493 1132 1546 quae
1151 1495 1169 1530 a
1187 1475 1302 1530 traditis

121 1573 171 1622 aut
190 1567 328 1623 differunt
347 1573 397 1623 ant
416 1568 534 1632 absunt,
559 1568 627 1622 item
649 1565 752 1620 Latina
773 1581 888 1619 versae
909 1562 1039 1627 Graecis3
1068 1563 1096 1617 in
1119 1562 1302 1619 adnotatione

120 1673 154 1711 ea
172 1673 246 1725 quse
264 1660 332 1710 sunt
350 1657 473 1713 editoris.

191 1744 288 1814 [L'ncis
307 1743 468 1814 quadratis]
492 1745 522 1798 in
540 1745 708 1814 scriptorum
734 1742 800 1798 locis
821 1742 1035 1810 distinguuntur·
1059 1760 1077 1795 a
1096 1742 1210 1795 traditis
1228 1757 1301 1810 quas

121 1832 258 1885 differunt
284 1835 336 1886 aut
354 1831 551 1887 desiderantur
570 1832 676 1887 scilicet
695 1831 821 1900 potiora;
853 1830 882 1883 in
903 1831 982 1883 textu
1000 1829 1226 1898 inscriptionum,
1254 1830 1301 1884 ubi

119 1921 187 1974 haec
212 1937 344 1989 expressa
372 1923 438 1973 sunt
463 1921 566 1975 litteris
592 1921 721 1984 cursivis,
752 1936 835 1974 uncos
865 1935 910 1973 eos
936 1917 1137 1988 supplementis
1164 1917 1301 1983 omnibus,

121 2007 368 2062 emendationibus
386 2009 482 2077 paucis
502 2008 691 2078 apposuimus.

189 2095 287 2162 (Uncis
305 2094 443 2164 rotundis)
462 2095 490 2148 in
510 2099 591 2150 textu
610 2094 808 2164 comprehensa
827 2100 896 2148 sunt
910 2093 1076 2162 compendia
1094 2093 1135 2148 ita
1148 2094 1251 2157 soluta,
1272 2094 1301 2147 in

119 2183 308 2238 adnotatione
328 2183 430 2237 iratius
450 2199 533 2236 versa
551 2200 566 2238 e
585 2183 706 2238 Graecis.

191 2271 314 2326 Lineolis
333 2271 476 2325 subductis
494 2270 669 2341 signavimus
688 2288 760 2339 quse
779 2270 809 2324 in
831 2269 946 2324 traditis
966 2270 1089 2324 delenda
1109 2268 1247 2323 videntur.

192 2358 302 2412 Puncta
321 2399 387 2413 ....
407 2359 568 2428 significant
588 2359 673 2412 rerba
692 2357 736 2413 vel
756 2358 868 2413 litteras
889 2357 918 2411 in
939 2355 1054 2410 traditis
1073 2360 1124 2410 aut
1138 2356 1231 2411 deesse
1251 2361 1301 2412 aut

119 2447 178 2515 tegi
199 2465 254 2500 non
273 2463 354 2516 posse
372 2461 460 2514 neque
480 2447 549 2500 satis
568 2450 644 2502 certo
664 2463 742 2516 posse
760 2446 892 2515 suppleri.

193 2535 312 2589 Lineola
331 2566 360 2573 —
382 2526 523 2603 significat
541 2535 680 2605 quaedam
699 2551 732 2589 ex
752 2534 867 2588 traditis
886 2533 989 2589 omissa
1007 2550 1073 2588 esse.

191 2622 309 2690 Signum
326 2643 371 2687 (χ)
390 2622 419 2674 in
438 2625 518 2676 texta
536 2622 749 2692 inscriptionum
768 2621 876 2676 indicat
896 2622 924 2675 in
944 2621 1097 2691 archetypo
1115 2624 1226 2691 partem
1240 2639 1301 2675 ver·

117 2728 164 2763 sus
185 2726 305 2763 vacuam
324 2726 389 2764 esse.

191 2797 309 2850 Numeri
343 2796 419 2851 uncis
454 2797 581 2853 rotundis
619 2797 717 2851 inclusi
746 2798 776 2850 in
805 2800 883 2851 textu
912 2796 1127 2867 inscriptionum
1155 2796 1300 2866 archetypi

118 2902 216 2939 rcrsus
235 2885 370 2939 indicant.

121 3060 172 3113 sk.
194 3059 266 3112 ubh.
286 3079 322 3105 =
340 3057 534 3113 akademische
554 3057 795 3127 Abhandlungeu:
889 3058 893 3064 '

193 3145 266 3200 Berl.
278 3145 323 3200 ah.
336 3145 405 3199 sbh.
416 3167 450 3192 =
461 3145 532 3202 Abh.
545 3146 571 3199 d.
584 3146 708 3200 Berliner
719 3147 809 3201 Akad.
822 3146 1027 3209 divissensoh„
1040 3148 1188 3216 phii.·hist.
1199 3147 1300 3202 Classe.

194 3235 305 3288 Manch.
325 3233 370 3289 als.
390 3233 460 3288 Abh.
480 3257 514 3281 =
532 3235 604 3289 Abh.
624 3235 650 3286 d.
671 3235 780 3288 Munch.
800 3235 853 3289 ak.
872 3234 898 3288 d.
919 3234 971 3295 W..
991 3233 1204 3304 philos-philol.
1224 3237 1265 3289 ul.

117 3323 227 3378 Annali
247 3343 282 3369 =
300 3321 396 3376 annali
416 3320 482 3375 dell'
503 3321 635 3389 instituto
654 3320 683 3374 di
702 3321 937 3390 corrispondenzs
958 3323 1161 3392 archeologica.

119 3411 183 3465 Ber.
203 3431 238 3455 =
261 3408 400 3462 Berichte:

191 3496 264 3550 Berl.
285 3495 345 3549 Ber.
364 3517 398 3542 =
418 3496 585 3551 hionatsber.
605 3497 631 3550 d.
653 3498 724 3551 Berl.
745 3498 833 3552 stad.
853 3498 879 3551 d.
901 3497 1066 3553 Wissensch.

192 3583 285 3653 Leipz.
304 3583 363 3637 Ber.
382 3605 417 3630 =
437 3585 495 3639 Ber.
516 3585 560 3639 ub.
573 3585 599 3638 d.
614 3583 727 3639 Verhdt.
747 3586 775 3639 d.
789 3585 880 3640 Sitchs.
896 3588 956 3640 Ges.
977 3585 1003 3638 d.
1018 3585 1071 3649 W..
1093 3586 1243 3656 phii.·hist.
1255 3587 1295 3641 cl.

191 3671 285 3725 Wien.
303 3671 364 3726 Ber.
382 3693 419 3718 =
437 3670 625 3741 Sitzungsbcr.
645 3672 671 3727 d.
692 3673 804 3727 Wiener
825 3673 874 3726 ak.
897 3674 922 3727 d.
943 3674 986 3726 W.

115 3762 146 3820 0.
162 3761 185 3818 1.
199 3760 229 3817 L.
243 3783 274 3808 =
289 3759 393 3829 Corpus
406 3760 619 3829 inscriptionum
634 3761 799 3814 Latinarum
813 3762 926 3816 consilio
939 3762 1017 3816 acad.
1033 3762 1119 3816 litter.
1135 3761 1241 3817 Boruss.
1255 3764 1300 3818 sd.

115 3852 201 3906 Grut.
221 3869 257 3895 =
276 3847 388 3901 Gruteri
410 3848 556 3902 thesaurus
574 3847 655 3902 insor.
675 3849 716 3903 ed.
739 3849 757 3902 Ι.
781 3850 857 3911 1602,
877 3850 920 3904 ed.
942 3849 975 3902 11.
997 3850 1073 3906 1707.

117 3936 239 3999 Haenel,
259 3936 363 4004 Corpus
383 3935 476 4004 legum
497 3935 534 3988 ab
552 3935 619 4004 imp.
637 3934 715 3991 Rom.
736 3940 803 3992 ante
823 3938 920 3992 lustin.
940 3938 1072 3992 latarum.
1096 3939 1172 3993 1857.

116 4025 212 4079 Haub.
233 4044 268 4069 =
289 4022 432 4083 Haubold,
459 4022 642 4091 antiquitatis
662 4023 740 4078 Rom.
762 4027 944 4079 monumenta
962 4023 1077 4094 legalia,
1096 4026 1138 4079 ed.
1158 4027 1301 4096 Spargen-

188 4111 266 4180 besg.
295 4109 371 4166 1830.

115 4199 245 4260 Hermes,
265 4196 395 4254 Zeitschr.
415 4200 433 4252 f.
454 4201 539 4257 klass.
559 4199 723 4272 Philologie,
743 4203 808 4256 inde
828 4203 864 4257 ab
883 4223 908 4258 a.
933 4205 1009 4261 1866.

114 4287 169 4341 Ha.
189 4306 228 4333 =
247 4286 382 4341 Huschke.

110 4376 214 4431 Jahrb.
234 4395 271 4421 =
287 4374 428 4429 Jahrbuch
448 4377 474 4430 d.
494 4396 566 4447 gem.
585 4379 660 4435 deut.
680 4379 712 4432 R.
731 4381 772 4434 ed.
794 4380 901 4436 Bekker
920 4386 948 4435 et
967 4382 1084 4437 hiuther.
1108 4381 1292 4437 1857-1863.
