2992 5040
671 295 793 350 Servius.

616 474 647 530 Α.
676 475 701 530 ln
721 474 874 530 tenellam.

245 603 271 676 l,
296 601 348 664 41.
395 599 465 664 Hoc
500 600 636 663 interest
668 600 752 663 inter
785 621 932 663 noxam
964 604 997 664 et
1027 600 1216 673 noxiam,
1252 599 1334 683 quod

153 705 249 769 noxia
281 703 376 787 culpa
406 709 470 781 est,
502 727 586 768 noxa
615 711 722 768 autem
746 727 856 788 poena.
905 706 1042 781 Quidam
1065 726 1148 768 noxa
1172 726 1253 787 quae
1277 727 1335 769 no·

154 811 230 889 cuit,
254 811 351 873 noxia
374 810 404 873 id
429 811 513 893 quod
537 809 678 874 nocitum
704 809 891 893 accipiunt¹.

244 917 273 989 l,
298 916 371 981 237.
420 914 682 979 Pollicemur
704 917 826 998 sponte,
849 914 956 997 rogati
980 912 1292 995 promittimus.

245 1021 279 1096 1,
310 1019 383 1086 256.
430 1019 598 1085 Sciendum
634 1020 825 1084 osculum
859 1018 1025 1102 religionis
1058 1039 1138 1094 ease,
1174 1019 1337 1082 savium

154 1125 345 1208 voluptatis,
377 1124 524 1208 quamvis
549 1125 679 1208 quidam
710 1124 852 1188 osculum
876 1123 952 1187 filiis
977 1122 1059 1198 dari,
1084 1124 1176 1187 uxori
1200 1121 1337 1198 basium,

154 1236 260 1295 scorto
283 1231 407 1293 savium
431 1229 566 1294 dicant¹.

247 1337 274 1413 l,
299 1333 372 1400 346.
420 1333 584 1418 (Romani)
608 1334 691 1399 nihil
715 1334 776 1397 nisi
799 1335 936 1417 captatis
959 1333 1120 1398 faciebant
1136 1333 1282 1417 auguriis
1305 1338 1337 1398 et

155 1440 324 1523 praecipue
347 1438 504 1523 nuptias⁸.

242 1544 273 1621 2,
302 1544 370 1607 102.
418 1542 492 1608 Uno
516 1541 661 1627 ordine]:
686 1565 749 1606 nno
774 1547 882 1619 reatu;
909 1547 941 1605 et
964 1547 1011 1606 est
1034 1542 1072 1606 de
1095 1542 1228 1626 antiqua
1251 1546 1337 1606 trac·

156 1654 224 1712 tum
248 1648 390 1726 scientia,
415 1651 491 1732 qnia
515 1650 548 1711 in
572 1648 714 1713 ordinem
738 1647 927 1712 dicebantur
949 1668 1061 1711 causae
1078 1653 1209 1730 propter
1224 1648 1338 1713 multi·

156 1753 298 1816 tudinem
325 1755 373 1817 vel
398 1752 570 1817 tumultum
595 1752 817 1828 festinantum,
841 1773 911 1816 curn
929 1757 998 1816 erat
1014 1774 1115 1816 annus
1130 1750 1247 1816 litium.
1285 1751 1338 1817 lu·

155 1856 320 1920 venalis‘:
354 1856 590 1940 ‘Expectandus
614 1857 683 1931 erit,
717 1857 772 1939 qui
796 1856 868 1919 lites
890 1855 1020 1920 inchoet
1042 1859 1164 1920 annus'.
1211 1858 1282 1939 (Cf.
1307 1864 1339 1935 6,

153 1965 242 2044 431.)

242 2067 363 2145 2,156.
399 2065 601 2131 Consuetudo
624 2065 709 2149 apud
733 2064 882 2148 antiquos
906 2065 979 2143 fuit,
1004 2070 1040 2129 ut
1056 2066 1110 2149 qui
1127 2067 1159 2128 in
1176 2067 1335 2131 familiam

155 2171 205 2235 vel
228 2177 357 2256 gentem
380 2173 540 2247 transiret,
575 2169 664 2253 prius
688 2191 721 2232 se
744 2169 906 2233 abdicaret
930 2170 970 2233 ab
994 2191 1040 2246 ea,
1073 2172 1105 2232 in
1131 2193 1194 2253 qna
1218 2170 1337 2248 fuerat,

155 2280 186 2340 et
209 2276 254 2338 sic
277 2279 318 2339 ab
342 2276 405 2340 alia
428 2276 632 2359 reciperetur.

242 2378 272 2459 3,
297 2383 348 2446 89.
395 2380 456 2444 Eat
476 2381 595 2464 species
616 2416 661 2426 -
684 2379 821 2464 augurii,
845 2401 925 2463 quae
950 2380 1056 2464 legum
1078 2380 1176 2444 dictio
1192 2381 1338 2464 appella·

156 2490 224 2550 tur:
246 2487 354 2571 legum
378 2485 474 2550 dictio
497 2491 603 2550 autem
620 2490 677 2562 est,
703 2507 774 2549 cum
790 2484 966 2549 condictio⁶
989 2485 1089 2568 ipsius
1105 2485 1233 2569 augurii
1251 2489 1340 2549 certa

155 2591 392 2675 nuncupatione
416 2590 583 2655 verborum
608 2590 734 2666 dicitur,
760 2588 847 2673 quali
870 2590 1054 2654 condicione
1077 2589 1248 2672 augurium
1265 2611 1339 2674 per·

155 2701 283 2760 acturus
306 2696 357 2759 sit.

243 2802 271 2877 3,
293 2800 363 2862 117.
396 2797 465 2861 Hoc
480 2798 609 2883 quidam
631 2798 722 2862 iuxta
744 2798 879 2882 speciem
904 2797 1091 2883 auguralem
1109 2797 1250 2880 positum
1268 2801 1337 2862 tra-

155 2905 244 2979 dunt,
269 2925 350 2987 quae
374 2904 553 2987 appellatur
576 2903 804 2978 condictio,
828 2904 859 2967 id
884 2908 932 2967 est
948 2903 1158 2980 denuntiatio,
1182 2923 1254 2965 cum
1279 2903 1335 2966 de-

155 3010 333 3087 nuntiatur,
360 3013 396 3072 ut
418 3013 493 3072 aute
517 3008 599 3072 diem
623 3007 754 3071 tertium
778 3006 849 3091 quis
872 3007 912 3070 ad
936 3007 1194 3090 inaugurandum
1219 3006 1313 3071 adsit.

243 3115 274 3192 3,
291 3115 364 3178 607.
400 3112 529 3196 Physici
552 3111 662 3175 dicunt
685 3133 751 3175 esse
775 3117 972 3176 consecratas
990 3113 1175 3176 numinibus
1190 3113 1337 3195 singulas

154 3220 295 3303 corporis
312 3223 433 3302 partes:
457 3222 494 3281 ut
510 3238 619 3280 aurem
631 3216 814 3294 Memoriae,
833 3253 869 3263 -
889 3217 1030 3281 frontem
1044 3215 1154 3295 Genio,
1169 3251 1212 3262 -
1227 3216 1338 3281 dexte·

153 3346 222 3387 ram
239 3322 355 3401 Fideil,
383 3360 420 3369 -
438 3344 543 3408 genua
558 3320 805 3398 Misericordiae,
822 3322 905 3386 unde
921 3321 998 3386 haec
1015 3326 1154 3407 tangunt
1170 3327 1335 3405 rogantes.

225 3501 252 3566 1)
270 3498 339 3554 Inat.
350 3501 435 3564 4,8,1.·
454 3494 535 3548 Noxa
553 3495 596 3548 est
613 3510 711 3562 corpus
730 3492 804 3563 quod
823 3495 926 3556 nocuit,
947 3492 1031 3548 noxia
1048 3493 1140 3564 ipsum
1157 3493 1337 3549 maleficium.

154 3586 261 3640 Fronto
279 3586 312 3639 de
329 3584 415 3653 dure.
434 3582 524 3636 vocab.
544 3598 572 3650 p.
591 3584 642 3634 524
661 3580 739 3634 Kal.-
758 3580 839 3637 Noxa
858 3597 949 3650 poena
968 3584 1019 3645 est,
1039 3581 1123 3635 noxia
1141 3581 1234 3650 culpa.
1257 3611 1284 3620 -
1308 3581 1337 3650 2)

155 3671 230 3727 Dora.
247 3673 277 3726 in
299 3671 357 3727 Ter.
376 3670 450 3723 Eua.
470 3672 558 3735 3,2,3:
586 3666 654 3720 Tria
678 3672 744 3721 sunt
762 3666 906 3723 osculandi
924 3684 1030 3735 genera
1048 3685 1096 3720 -r
1120 3667 1215 3722 oscula
1234 3667 1339 3724 officio·

155 3776 217 3811 rum
237 3760 311 3820 aunt,
331 3756 412 3811 basia
429 3755 594 3825 pudicorum
616 3755 777 3819 affectuum,
794 3754 894 3808 suavia
913 3754 1062 3808 libidinum
1082 3755 1126 3808 vel
1146 3771 1283 3810 amorum.
1306 3787 1337 3795 -

154 3846 183 3912 3)
204 3844 257 3898 01¹0.
271 3844 396 3898 dedicio.
407 3845 526 3910 1,16,28.·
544 3840 624 3894 Nibil
643 3843 702 3896 lere
720 3841 862 3910 quondam
881 3840 995 3897 maioris
1014 3841 1054 3896 rei
1068 3842 1121 3895 nisi
1137 3843 1283 3911 auspicato
1302 3857 1338 3895 ue

154 3930 268 4000 privato
286 3931 398 4000 quidem
412 3928 571 3999 gerebatur,
585 3928 658 3997 quod
675 3927 761 3982 ctiam
776 3945 851 3982 nnuc
862 3929 1027 3997 nuptiarum
1040 3930 1166 3998 auspices
1179 3929 1337 3983 declarant.

154 4019 222 4072 Inde
247 4018 304 4073 Vol.
323 4017 401 4071 Max.
420 4022 498 4084 2,1,1.
525 4047 556 4055 -
576 4017 708 4085 4)16,42.
727 4044 762 4053 —
781 4018 848 4079 olet
867 4015 1005 4071 condictio
1024 4022 1049 4069 et
1066 4016 1192 4071 condicio
1210 4017 1282 4070 birri.
1302 4046 1338 4057 -

155 4107 181 4173 6)
201 4105 274 4158 Ptin.
293 4106 318 4160 la.
338 4122 364 4157 a.
383 4108 533 4171 11,45,250.·
558 4103 631 4157 ineat
651 4105 680 4157 et
699 4102 763 4155 aliia
781 4103 911 4171 partibus
929 4103 1069 4171 quaedam
1088 4103 1198 4172 religio,
1215 4104 1289 4158 sicut
1307 4103 1338 4158 iu

153 4193 270 4247 dextera
283 4222 317 4230 -
329 4191 359 4244 iu
373 4192 427 4244 fide
439 4190 604 4260 porrigitur.
632 4190 694 4244 Lio.
707 4192 813 4256 23,9,3:
832 4189 948 4243 dextrae
962 4189 1077 4243 dextras
1089 4190 1239 4258 iungentes
1252 4190 1336 4245 fidam

153 4277 363 4341 obstrinximua,
384 4280 416 4330 ut
435 4279 562 4330 sacratae
580 4276 634 4331 fide
653 4293 754 4330 marma
772 4283 819 4331 cet.
858 4276 899 4343 Of.
920 4276 1251 4345 Liv.1,5a,7;40,4c,15.
1282 4275 1337 4332 osc.

154 4366 185 4418 de
203 4367 251 4434 leq.
270 4368 386 4432 2,11,28.
423 4364 488 4417 laid.
509 4368 614 4429 11,1,57.
651 4364 741 4430 Dana,
761 4365 808 4418 der·
824 4365 928 4418 ramale
949 4364 1124 4420 Setuta139.
