2992 5040
480 324 528 380 SC.
552 326 587 381 ds
607 325 878 396 Aphrodisiensibus.
1212 331 1274 395 lll

141 501 209 587 (66)
235 500 442 585 Γραφσμὲνου
461 513 607 586 παρῆσαν
629 523 675 568 (ν
691 501 783 577 Τίτος
799 502 927 577 Μαίνιος
944 502 971 566 Τ
974 503 1039 567 ison
1055 505 1119 579 υίὸς
1134 506 1280 589 Λεμωνία

102 617 135 679 (a
154 615 206 668 au
226 615 296 683 aisn.
315 615 378 685 με.
400 616 458 682 ιι).

142 709 216 794 Περὶ
247 712 290 772 ὢν
314 709 471 794 Μάαρκσς
494 709 692 792 Λεύκολλος,
724 709 818 786 Γάιος
841 709 960 786 Καίσιος
984 715 1095 776 ὕπατοι
1120 714 1188 799 (66)
1212 716 1279 778 ἑπι-

106 816 220 898 pones
244 814 454 898 ἀπήνγειλαν·

186 921 256 1002 περὶ
279 917 440 1001 Ὠρωπίας
462 918 569 1002 χώρας
593 921 733 983 καὶτῶν
759 920 827 1004 (66)
853 921 1054 1004 δημοσιωνῶν
1080 923 1209 997 ἑαυτοὺς
1225 924 1278 987 ἐπ-

185 1024 371 1109 εγνωκέναι·
395 1024 544 1098 ὡσαύτως
560 1028 616 1106 τὴν
631 1022 796 1104 Ὠρωπίων
821 1026 890 1110 (66)
914 1024 1021 1109 χώραν
1037 1026 1279 1113 ὑπεξειρημὲνην

187 1130 292 1193 δοκεῖν
317 1130 394 1192 εἶναι
416 1131 499 1191 κατὰ
522 1131 575 1191 τὸν
598 1139 652 1212 τῆς
677 1128 861 1212 μισθώσεως
885 1130 989 1213 νόμον,
1014 1132 1082 1216 (66)
1107 1136 1149 1217 μὴ
1173 1134 1279 1198 δοκεῖν

184 1237 253 1308 τοὺς
277 1231 472 1316 &spontanae
495 1242 595 1295 ταῦτα
618 1233 837 1314 καρπίζεσθαι,

147 1340 254 1415 οὕτως,
285 1355 332 1402 ω
364 1335 432 1420 (66)
466 1336 578 1410 καθὼς
608 1337 712 1410 αὐτοῖς
745 1337 783 1399 ἐκ
814 1346 875 1400 τῶν
904 1337 1061 1421 δημοσίων
1084 1342 1278 1426 πραγμάτων

113 1441 225 1516 πίστεώς
247 1463 282 1505 τε
305 1451 361 1525 τῆς
386 1441 454 1524 (66)
479 1440 557 1514 ἰδίας
580 1441 733 1522 ἐφαίνετο,
758 1440 891 1519 ἔδοξενῑ.

148 1650 306 1715 Scribunda
330 1648 502 1727 adlisernnt
528 1650 564 1713 Τ.
588 1650 740 1714 blacnins
766 1650 799 1714 Τ.
821 1650 1047 1731 Πανιώνια)
1080 1666 1117 1725 (et
1137 1661 1278 1722 annulli).

149 1755 229 1836 (besod
254 1753 304 1817 M.
328 1753 482 1817 Lnscnllns
512 1753 546 1818 C.
570 1753 700 1820 Cassius
728 1775 786 1820 cos.
817 1775 914 1820 causa
941 1759 1062 1839 adpetita
1094 1760 1278 1827 rettulerunt

187 1860 222 1925 dc
244 1881 321 1942 upra
339 1859 457 1940 Oropia
481 1865 508 1922 rt
518 1860 702 1940 publicanis
725 1862 900 1941 eopnouisse
922 1883 970 1925 se:
995 1861 1186 1944 Oropiornrn
1201 1886 1277 1945 puo-

187 1988 242 2047 pae
266 1986 378 2047 apr-eun
402 1970 558 2046 sareptani
586 1965 684 2028 sineri·
712 1984 776 2029 csse
802 1987 840 2029 eu
863 1967 926 2048 (αμα
950 1967 1120 2047 taurionis,
1148 1990 1208 2032 reon
1235 1972 1277 2035 ei-

184 2072 251 2134 deri
270 2070 458 2152 pnldiccuros
480 2071 524 2133 eis
544 2070 621 2147 frui,

148 2178 197 2253 itu,
222 2181 254 2238 nt
276 2176 320 2238 eis
343 2172 557 2252 erepublica
576 2171 696 2251 fideque
718 2194 778 2236 sua
804 2174 903 2236 riurein
925 2181 1009 2253 esset,
1034 2178 1204 2242 canneru.

239 2349 314 2429 (41.
350 2345 408 2411 Sc.
432 2347 479 2409 de
504 2345 921 2429 Aphrodisiensibns
952 2374 978 2415 c.
1003 2376 1031 2416 a.
1058 2354 1129 2417 712.

167 2488 194 2542 0.
205 2490 229 2542 1.
241 2488 289 2542 Gr.
300 2490 382 2548 2493
400 2505 425 2539 n.
439 2490 509 2540 2737
528 2485 602 2552 inde:
622 2486 727 2540 Viereck
745 2505 829 2542 sernia
841 2489 961 2544 Graecis
979 2496 1025 2544 cet.
1041 2509 1068 2560 p.
1082 2496 1105 2544 5.
1125 2522 1157 2531 -
1170 2494 1277 2561 Aptero-

106 2574 185 2642 diuus,
210 2574 308 2628 Cariae
326 2573 462 2641 oppidum,
487 2575 528 2627 ud
545 2580 575 2627 nt
594 2575 671 2643 plene
689 2575 817 2629 dicuntur
834 2579 864 2630 in
883 2580 997 2632 nunrmis
1016 2578 1188 2645 Ἀφροδισίοις
1206 2584 1277 2633 Πλα-

105 2671 182 2726 poen
199 2663 263 2727 siue,
282 2667 312 2714 ut
331 2662 360 2713 in
373 2660 422 2713 bac
433 2676 573 2727 marmore,
593 2664 743 2727 Πλαρασείς
761 2668 808 2714 καί
821 2662 1002 2730 'nepotiane
1022 2666 1166 2720 libertatem
1178 2671 1280 2736 aceepit

103 2756 259 2802 sarnunto
279 2746 391 2800 Caesare
409 2747 538 2800 dictatore
557 2765 638 2815 qnam
656 2765 688 2802 ea
706 2750 774 2802 actis
791 2751 848 2803 eius
866 2768 934 2818 quae
951 2752 1108 2806 dicebantur
1125 2771 1143 2806 a
1162 2754 1202 2806 M.
1222 2757 1278 2807 Λιι-

102 2839 168 2891 lous'o
187 2855 212 2890 u.
225 2839 277 2889 710
293 2852 350 2888 esna
368 2852 428 2888 uisu
447 2835 647 2901 confirmatione
664 2838 733 2890 iuris
751 2837 831 2905 asyli,
851 2854 932 2904 quum
943 2846 1071 2892 memorat
1087 2839 1195 2894 Tacitus
1213 2858 1277 2896 anu.

100 2928 170 2986 3‚62.·
190 2921 422 2992 Aphrodisienses
440 2922 560 2992 posthae
578 2926 606 2976 et
625 2921 847 2978 Stratonicenses
866 2924 1014 2981 dictatoris
1034 2925 1160 2982 Caesaris
1179 2928 1215 2983 ob
1234 2946 1278 2983 ve·

101 3014 175 3065 tusto
202 3011 234 3064 in
257 3014 355 3081 partes
380 3010 483 3065 merita
508 3014 537 3065 et
556 3027 650 3065 recens
668 3011 726 3065 divi
752 3011 873 3080 Augusti
899 3012 1041 3066 decretum
1067 3016 1191 3068 attulere

101 3096 360 3168 Aphrodisiensium
385 3096 486 3152 civitas
513 3097 635 3162 Veneris,
660 3098 910 3154 Stratonicensium
935 3099 1009 3153 lovis
1034 3102 1063 3153 et
1080 3100 1192 3155 Trinius
1215 3102 1278 3155 reli·

98 3187 207 3255 gionem
227 3185 389 3240 tuebantur.
416 3184 488 3238 Eius
506 3185 604 3239 &creti
620 3187 649 3238 in
668 3186 757 3254 lapide
775 3203 830 3240 riou
846 3193 964 3255 superest
978 3188 1032 3239 nesi
1043 3187 1183 3255 inscriptio
1196 3192 1277 3255 γραμ-

98 3293 166 3343 ματα
184 3278 320 3340 Καίσαρος
338 3280 364 3327 et
382 3280 567 3342 oruamentum
584 3275 697 3326 relatum
716 3276 745 3327 in
763 3281 870 3328 senatus
889 3275 1025 3339 cousubo,
1043 3291 1075 3328 ex
1093 3275 1195 3329 decreto
1217 3276 1278 3328 111-

97 3366 182 3417 rirsua
200 3381 223 3416 r.
233 3382 260 3432 p.
271 3381 308 3429 α,
334 3378 386 3431 quo
404 3363 434 3415 id
451 3363 673 3428 continuabatur,
701 3363 772 3430 quad
789 3362 894 3416 uidetur
912 3379 966 3416 asse
984 3366 1109 3431 ἐπίκριμα
1127 3363 1278 3432 αάἱεμαίκικ

96 3454 125 3505 in
143 3452 260 3520 epistula
276 3451 407 3516 Antonii,
435 3466 488 3503 scon
506 3456 625 3518 superest
650 3451 704 3503 niu
720 3456 904 3518 arpumentnm
921 3451 1008 3504 solum
1027 3452 1056 3503 in
1073 3451 1142 3504 idem
1159 3458 1278 3505 serratus·

96 3541 248 3595 consultum
265 3547 406 3608 receptum.
444 3539 522 3608 Quod
538 3538 654 3592 securedo
673 3538 776 3592 lucain
794 3539 908 3606 epistula
927 3539 1085 3591 nominatur
1102 3543 1195 3605 σίγμα,
1223 3540 1280 3593 eius

97 3629 168 3680 bona
182 3644 251 3695 pars
268 3633 402 3694 superest;
432 3628 539 3679 tertiani
559 3625 747 3679 iusiurandum
767 3631 866 3693 quarta
888 3626 937 3688 len,
962 3627 1061 3693 picibus
1074 3625 1174 3693 joedus
1190 3627 1281 3679 surius

99 3716 187 3779 batur,
203 3715 351 3782 perierunt.
393 3712 519 3781 Tempore
536 3718 661 3772 extrusa,
690 3713 718 3763 in
737 3711 830 3764 ordine
853 3711 932 3764 solito
960 3715 1139 3779 καταμήνια
1164 3717 1202 3764 est
1226 3712 1280 3780 epi-

97 3802 170 3855 stula
191 3800 231 3854 Μ.
246 3800 364 3853 Antonii
381 3800 518 3853 triumuiri
534 3816 555 3852 r.
569 3816 594 3866 p.
609 3816 630 3852 c.
650 3805 674 3851 et
693 3815 744 3862 cos,
764 3799 815 3852 des.
831 3798 867 3852 Π
881 3805 905 3851 et
920 3799 977 3866 111,
996 3801 1026 3852 id
1044 3807 1082 3853 est
1098 3801 1198 3866 scripta
1211 3800 1281 3852 inter

171 4029 198 4095 1)
222 4028 356 4081 Extrema
378 4042 444 4094 pars
468 4026 566 4079 deuoti
585 4026 746 4093 perturbata
765 4027 868 4079 arnissis
881 4024 1012 4093 formulis
1031 4024 1174 4077 tralatisiis
1192 4026 1280 4093 qualis

99 4134 154 4172 esse
173 4116 301 4181 debuerit,
319 4113 483 4182 intellepitur
500 4129 533 4165 ex
550 4113 782 4167 senatusconsulto
801 4113 833 4165 de
850 4112 1010 4179 Asclepiade
1015 4132 1024 4178 ,·
1046 4111 1146 4165 sedicet
1162 4119 1222 4180 past
1240 4129 1279 4166 re·

99 4206 227 4258 lationem
245 4204 459 4270 uupistratunm,
480 4216 548 4268 puae
565 4201 626 4265 finit
646 4217 667 4254 a.
687 4202 870 4265 καρπίζεσθαι,
887 4198 1037 4267 ponendum
1045 4199 1105 4265 snit
1119 4205 1176 4264 περὶ
1188 4202 1279 4251 τοῦτον

97 4299 145 4344 τοῦ
171 4294 324 4356 πράγματος
342 4291 427 4352 οὕτως
444 4281 546 4350 ἔδοξεν·
565 4291 612 4354 τὴν
630 4289 776 4354 σὺνκληιον
794 4289 883 4339 θέλειν
902 4294 984 4338 ταῦτα
1004 4290 1087 4350 οὕτως
1105 4288 1226 4353 γίνεσθαι
1243 4289 1279 4350 ὡς

99 4382 131 4431 ἂν
153 4380 238 4442 αὐτοῖς
258 4381 292 4428 ἐκ
309 4382 360 4428 τῶν
378 4380 509 4442 δημοσίων
528 4380 687 4442 πραγμάτων
700 4380 812 4439 πίστεώς
823 4394 851 4427 τε
866 4383 914 4442 τῆς
926 4379 993 4436 ἰδίας
1007 4377 1137 4439 φαίνηται.
1160 4374 1278 4435 Ἐδσξεν.

147 4490 236 4544 nenne,
256 4488 346 4534 nonies
365 4489 431 4533 lunis.
459 4488 504 4533 ns.
523 4487 567 4534 νί.
1036 4460 1067 4513 12
