2992 5040
151 313 216 379 224
606 308 710 367 Edicta
727 314 897 382 praetorum.

114 501 118 510 ·
152 510 297 573 quaeque
320 486 376 553 ills
398 492 477 552 tunc
502 486 549 551 ibi
565 487 682 551 habuit
697 486 876 553 restituas¹·
911 493 985 572 post
1000 510 1119 553 annum
1134 489 1173 554 de
1187 510 1235 567 eo,
1251 489 1336 574 quod

151 593 191 657 ad
213 615 287 659 eum
309 592 365 676 qui
387 592 420 655 vi
442 591 556 656 deiecit
580 592 772 674 pervenerit,
794 592 948 658 iudicium
969 591 1080 658 dabo².

239 697 271 761 b.
305 693 399 760 Unde
422 698 457 760 tu
481 694 574 758 illum
597 696 629 759 vi
652 695 837 760 hominibus
860 699 977 762 coactis
1000 700 1171 764 armatisve
1193 697 1337 764 deiecisti

151 806 207 866 aut
229 799 356 865 familia
392 804 448 863 tua
471 797 600 873 deiecit,
633 820 671 862 eo
693 798 786 863 illum
809 821 953 885 quaeque
975 800 1031 866 ille
1052 807 1130 867 tunc
1151 802 1197 866 ibi
1222 802 1337 866 habuit

151 903 328 971 restituss⁸.

239 1033 264 1076 c.
300 1008 333 1074 Si
358 1009 406 1072 uti
429 1008 493 1073 frui
517 1007 699 1092 prohibitus
725 1030 792 1072 esse
815 1009 965 1074 dicetur⁴.

238 1117 268 1180 d.
305 1115 354 1179 Ne
384 1115 430 1178 vis
457 1114 515 1194 fiat
543 1115 587 1191 ei,
617 1114 672 1194 qni
694 1113 804 1178 (Ioanni
825 1115 934 1197 infecti
955 1115 989 1178 in
1008 1118 1238 1197 possessionen
1260 1118 1336 1181 mis·

152 1243 209 1286 sas
231 1217 315 1286 eric.

45 1318 140 1400 ”tff‘kt‘ffi
241 1326 271 1389 6.
296 1348 324 1388 a.
359 1321 436 1389 Uti
458 1346 543 1388 nune
570 1325 807 1408 possidetis
840 1347 912 1391 eum
935 1325 1085 1405 fundum,
1116 1327 1242 1412 quode
1265 1327 1335 1410 agi·

150 1437 222 1508 tur,
250 1429 335 1514 quod
368 1450 424 1493 nec
446 1429 478 1492 vi
506 1451 564 1494 nee
586 1428 667 1494 clam
690 1450 748 1494 nee
771 1431 916 1512 precario
939 1430 1022 1495 alter
1045 1432 1086 1495 ab
1109 1429 1211 1496 altero
1234 1431 1338 1515 possi·

152 1536 243 1613 detis,
268 1535 314 1599 ite
337 1533 535 1618 possideatis.
560 1533 712 1598 adversus
736 1555 774 1598 ea
797 1535 861 1598 vim
884 1535 954 1599 fieri
978 1535 1078 1600 veto⁶.
1119 1558 1122 1563 ·

239 1640 270 1705 b.
304 1639 364 1706 Uti
386 1661 440 1703 eas
463 1639 565 1716 aedes,
589 1660 619 1722 q.
644 1639 675 1704 d.
699 1662 739 1717 a,
764 1662 793 1705 u.
819 1663 848 1706 v.
873 1663 903 1704 n.
929 1641 968 1704 cl.
992 1663 1024 1705 ιι.
1048 1663 1096 1724 pr.
1121 1639 1203 1704 alter
1225 1638 1266 1703 ab
1286 1639 1334 1702 al·

150 1749 220 1808 tero
244 1745 422 1828 possidetis,
448 1765 511 1827 quo
535 1745 640 1808 minus
666 1746 712 1810 its
735 1747 935 1829 possideatis,
959 1748 1023 1812 vim
1047 1748 1116 1812 fieri
1141 1745 1240 1811 veto⁷.

238 1871 255 1913 c
258 1898 427 1916 .......
453 1871 556 1934 neque
571 1849 683 1933 pluris,
704 1873 802 1935 quam
818 1852 932 1935 quanti
948 1853 1084 1927 roserit,
1100 1851 1189 1915 intra
1204 1872 1333 1926 annuum,

151 1976 215 2039 quo
238 1954 378 2038 primum
401 1954 587 2038 experiundi
611 1958 752 2037 potestas
777 1955 885 2034 fuerit,
908 1957 1107 2037 sponsionem
1121 1955 1335 2036 restipulatio·

151 2080 279 2140 itemque
299 2056 418 2134 faeere⁸
440 2058 637 2141 permittam.

240 2163 269 2228 d.
300 2160 352 2227 Ua·
374 2182 407 2226 eo
427 2162 530 2244 fundo
553 2212 585 2228 ..
604 2211 611 2226 .
629 2210 638 2226 .
654 2164 782 2227 meusim·
795 2164 971 2246 fracmine
987 2214 994 2229 .
1012 2215 1019 2229 .
1037 2214 1045 2229 .
1063 2214 1071 2229 .

240 2268 269 2332 7.
293 2290 321 2332 s.
357 2267 484 2353 Aquo
508 2267 670 2332 fundus
693 2273 882 2351 petetur,
905 2270 942 2333 si
964 2291 1046 2334 rem
1069 2267 1184 2333 nolit
1206 2268 1335 2344 defen-

150 2372 284 2438 aerem.
332 2374 429 2454 Quen
449 2372 621 2450 faucum.
645 2420 726 2440 ....
745 2425 751 2437 .

237 2479 268 2543 b.
298 2480 327 2541 A
352 2500 432 2562 quo
457 2500 558 2542 usus
581 2478 756 2543 fructus
779 2482 962 2561 petetur,
986 2480 1022 2543 si
1045 2499 1125 2543 rem
1140 2477 1254 2541 nolit
1276 2477 1334 2542 de·

150 2586 167 2649 f
175 2586 331 2650 endere
380 2584 481 2660 Quem
505 2583 790 2649 usumfructum
810 2584 1029 2648 v.indicare
1051 2582 1117 2646 uult
1140 2631 1334 2649 .........

151 2692 194 2770 (st
216 2711 282 2754 acan
304 2689 387 2752 scotis
409 2687 572 2771 defendere
595 2708 689 2769 eoque
711 2688 836 2752 nomine
858 2689 914 2751 tibi
936 2688 1126 2752 satisdatum
1148 2692 1191 2750 est
1206 2692 1263 2751 ant
1275 2709 1336 2768 pm·

151 2801 178 2859 te
198 2799 261 2858 stat
284 2814 343 2875 qno
366 2795 472 2857 micans
494 2792 671 2871 satisdator,
696 2797 770 2856 resta
759 2789 897 2874 it¹nas).

63 2916 129 2956 ⁸0⁷⁰·
240 2901 271 2964 8.
307 2897 365 2962 De
388 2896 704 2981 superficiebus.
752 2894 808 2961 Uti
834 2896 966 2980 exlege
989 2896 1334 2961 locationissivecou·

150 3003 309 3069 ductionis
332 3002 498 3086 superficie
522 3023 553 3085 q.
576 3002 605 3067 d.
631 3024 659 3065 a.
684 3023 743 3065 nee
766 3002 797 3064 vi
822 3023 853 3064 ιι.
876 3000 914 3065 cl.
939 3022 971 3064 n.
989 3023 1037 3084 pr.
1062 2999 1143 3064 alter
1166 3000 1206 3064 ab
1231 2999 1334 3065 altero

150 3108 311 3186 fruimini,
342 3108 534 3192 quominus
566 3108 613 3171 aa
636 3107 805 3184 fruemini,
840 3129 870 3169 v.
895 3106 918 3170 f.
943 3129 971 3171 ιι.
1018 3104 1052 3170 si
1076 3128 1140 3189 que
1163 3106 1227 3170 alia
1249 3107 1335 3171 actio

150 3215 188 3279 de
211 3214 376 3297 superficie
398 3211 624 3296 postulabitur
577 3234 745 3276 urcauss
768 3211 899 3296 cognita
921 3208 1046 3274 dabo¹⁸.

62 3317 126 3400 ἷξὲζ
236 3322 266 3383 9.
301 3319 409 3382 Deit
375 3321 525 3382 itinere
549 3320 719 3400 actuque
742 3316 938 3399 privato'.
975 3336 1004 3379 s.
1027 3312 1333 3389 Quoitinereactu·

221 3511 248 3578 1)
269 3512 321 3565 Cic.
337 3528 367 3578 p.
388 3509 463 3563 Caes.
481 3511 563 3569 30,ae
580 3509 624 3561 iet.
642 3508 681 3562 D.
700 3510 802 3574 43.16‚1
817 3523 861 3576 pr.
892 3505 933 3574 Of.
953 3506 989 3559 E.
1010 3506 1041 3558 P.
1057 3524 1087 3575 p.
1106 3509 1160 3559 372
1177 3522 1231 3574 sqq.
1252 3534 1282 3544 —
1304 3504 1333 3572 2)

151 3597 226 3653 Haec
245 3598 369 3652 clausola
387 3597 425 3650 ad
442 3598 472 3648 in
485 3596 594 3663 saetmn
612 3596 741 3648 actionem
756 3596 881 3662 pertinet,
900 3593 932 3647 de
950 3610 1004 3661 qna
1021 3610 1046 3648 a.
1062 3594 1101 3659 fr.
1121 3593 1179 3647 Vat.
1198 3595 1259 3645 312.
1297 3590 1331 3644 ln

150 3686 214 3754 Dip.
234 3686 372 3739 interdicti
389 3684 470 3737 verba
486 3689 511 3737 et
529 3682 614 3747 edicti,
634 3698 686 3751 qao
696 3688 809 3749 praetor
820 3682 890 3735 tanc
900 3682 931 3734 e'n
941 3680 1046 3746 fastum
1058 3681 1188 3733 actionem
1198 3679 1332 3746 prmnssit,

149 3777 289 3827 immutata
307 3778 332 3826 et
349 3773 380 3825 in
397 3788 481 3824 ιιιιιιιιι
501 3770 686 3839 coapta-tincta
704 3775 778 3822 sant.
802 3797 837 3808 -
858 3768 885 3832 8)
903 3768 938 3821 Ε.
958 3767 990 3822 Ρ.
1004 3784 1034 3835 p.
1053 3769 1110 3821 375.
1153 3765 1233 3819 Vetus
1250 3767 1332 3818 inter·

148 3862 261 3915 ettotam:
290 3858 381 3913 ‘Unde
405 3861 437 3911 tu
468 3859 519 3910 sut
544 3856 656 3911 familia
681 3858 732 3908 sut
754 3858 919 3924 procurator
937 3857 1003 3907 tuus
1022 3853 1104 3908 illum
1123 3852 1152 3906 vi
1170 3850 1332 3907 hominibus

149 3947 250 4004 coactis
270 3945 424 4001 armatisve
443 3943 577 4008 deiecisti,
601 3960 632 3998 eo
650 3941 801 3997 restituas'
840 3942 894 3997 Cic.
910 3958 963 4010 pro
976 3941 1051 3997 Caes.
1069 3943 1177 4010 passim,
1197 3939 1333 4009 adsumit

149 4039 260 4105 m‚16,3.
280 4065 312 4074 —
332 4038 359 4102 4)
379 4034 420 4103 Cf.
441 4033 476 4094 fr.
493 4033 550 4086 Vat.
563 4036 604 4086 91.
625 4061 658 4069 -
679 4032 706 4098 5)
720 4029 757 4082 D.
769 4034 854 4096 43,4,4
872 4033 953 4098 pat.
972 4060 1006 4068 —
1025 4030 1052 4097 6)
1066 4028 1138 4082 Fest.
1151 4045 1175 4082 a.
1188 4027 1333 4098 possessio.

51 4127 54 4134 '
149 4153 183 4163 —
209 4124 235 4190 1)
254 4121 291 4175 D.
309 4126 414 4188 43,17,1
436 4137 481 4189 pr.
508 4151 538 4160 -
567 4119 594 4186 8)
614 4118 677 4187 Dia.
698 4117 810 4186 ‘ageret
846 4117 892 4169 Ad
915 4118 1084 4184 sponsionem
1108 4117 1240 4184 petinere
1263 4115 1333 4168 Imm

150 4211 299 4266 clausulam
317 4211 385 4263 coni.
406 4208 441 4261 Ε.
462 4208 493 4261 Ρ.
508 4225 537 4275 p.
556 4209 615 4260 379.
642 4237 672 4245 -
694 4208 720 4270 9)
743 4204 783 4273 Cj.
799 4205 840 4272 fr.
865 4204 924 4257 Vat.
942 4208 978 4256 90
996 4205 1038 4256 iet.
1059 4201 1096 4257 D.
1114 4204 1279 4270 43,18,1pr.
1299 4231 1333 4240 —

152 4299 196 4366 10)
214 4297 252 4352 D.
265 4300 369 4364 39,2,45
388 4297 465 4349 inser.
485 4324 518 4332 -
539 4295 582 4363 ll)
607 4293 668 4362 Ulp.
682 4294 795 4346 institut.
811 4292 851 4359 fr.
867 4290 977 4344 Vindob.
990 4294 1015 4344 4.
1035 4316 1066 4326 -
1089 4289 1133 4355 12)
1151 4287 1201 4343 Fr.
1218 4288 1276 4342 Vat.
1289 4290 1334 4350 92,

150 4385 191 4438 icc.
205 4400 262 4453 erp.
274 4383 352 4436 Paul.
366 4388 430 4435 sent.
443 4386 539 4448 1,11‚1.
553 4412 584 4421 -
600 4381 643 4449 13)
654 4379 688 4434 D.
701 4384 744 4446 43,
756 4382 792 4432 18
802 4380 872 4431 rute.
883 4383 932 4431 etl
948 4393 992 4445 pr.
1003 4407 1036 4415 -
1049 4377 1093 4443 14)
1104 4375 1190 4429 Rubr.
1202 4374 1238 4428 D.
1247 4376 1335 4440 sum.
