2992 5040
448 323 505 378 Lex
522 322 652 379 Cornelia
670 324 704 379 de
723 324 830 379 sicariis
848 328 878 379 et
897 325 1042 380 veneficiis.
1294 329 1337 395 93

238 501 309 584 (³¹)
338 500 487 565 Viatores
517 523 698 584 praecones,
729 503 802 586 quei
826 524 864 566 ex
887 502 948 567 hac
971 503 1041 586 lege
1064 503 1155 569 lectei
1179 504 1333 570 sublectei

154 610 254 681 errrnt,
285 606 356 685 (³²)
389 605 433 669 eis
464 606 640 670 viatoribus
663 606 872 690 praeconibus
895 608 1106 690 magistratus
1129 631 1228 692 prove
1250 631 1335 696 mag.

155 712 223 793 (θ’)
247 709 402 774 mercedis
424 711 501 775 item
525 712 713 776 tantundem
737 712 822 789 dato,
847 717 1002 795 quantum
1028 714 1057 776 ei
1080 713 1241 797 viator(ei)
1266 713 1337 797 (³⁴)

154 815 319 900 praecouei
342 815 429 879 darei
452 819 623 898 oporteret,
647 817 693 880 sci
716 816 743 880 is
761 816 865 880 viator
889 816 927 881 de
942 817 1046 882 tribus
1070 819 1142 900 (³⁵)
1160 819 1338 883 viatoribus

154 922 241 1006 isque
264 942 380 1005 praeco
412 921 450 985 de
473 921 577 985 tribus
600 922 811 1005 praeconibus
833 927 936 999 esset,
970 921 1039 1007 (⁸⁸)
1063 923 1137 1007 quei
1159 930 1234 988 ante
1256 924 1340 988 hanc

154 1026 255 1111 legem
280 1029 427 1112 rogatam
451 1027 516 1090 utei
541 1026 724 1111 legerentur
748 1025 821 1110 (⁸⁷)
844 1026 1005 1091 institutei
1029 1033 1112 1092 sunt.
1135 1046 1182 1092 Ν

240 1133 310 1216 (³⁸)
343 1131 429 1208 Quas
460 1133 491 1196 in
516 1132 660 1198 decurias
685 1133 844 1196 viatorum
868 1153 1061 1216 praeconum
1083 1131 1194 1196 consul
1217 1153 1255 1195 ex
1278 1131 1340 1195 hac

156 1237 222 1322 (³⁹)
247 1239 320 1323 lege
344 1238 482 1302 viatores
496 1258 666 1321 praecones
682 1236 808 1321 legerit,
832 1258 967 1320 quorum
984 1235 1141 1301 viatorum
1158 1235 1228 1319 (⁴⁰)
1246 1257 1338 1318 prae·

156 1366 268 1408 conum
292 1343 424 1407 nomina
446 1343 480 1406 in
504 1343 548 1406 eie
571 1343 724 1407 decurieis
747 1342 909 1407 adsedem
927 1339 1058 1406 Saturni
1081 1339 1153 1421 (Η)
1169 1339 1203 1403 iu
1218 1339 1339 1423 pariete

156 1451 239 1513 iutra
262 1448 395 1513 caulas¹
421 1469 575 1531 proxume
598 1460 672 1512 ante
695 1447 777 1512 hanc
801 1449 904 1533 legem
931 1497 1015 1511 ....

160 1653 205 1716 13.
229 1650 313 1714 Lex
339 1647 549 1712 Cornelia
572 1648 615 1712 de
639 1649 818 1712 sicariis
841 1653 880 1712 et
906 1646 1133 1712 veneficiis
1159 1668 1185 1711 c.
1210 1669 1237 1712 a.
1265 1646 1338 1711 673.

226 1814 268 1883 Cf.
289 1813 354 1882 Dip.
368 1815 431 1879 48,8
449 1811 645 1878 ethll.1,2.3,·
663 1810 758 1876 Sunio,
778 1811 831 1865 ote.
851 1811 888 1864 cd
900 1811 918 1866 2.
930 1810 1009 1864 Corn
1029 1811 1214 1877 desic.1817;
1232 1811 1339 1879 Zumpt,

159 1902 234 1956 rom.
254 1899 374 1955 caan.
394 1899 559 1964 Irae-as.

235 2021 403 2098 (Ulpianus
424 2021 442 2078 t.
465 2019 533 2076 VII
548 2020 584 2076 de
598 2020 698 2091 officio
707 2017 926 2091 proconsulis?
947 2017 1050 2093 Capite
1070 2022 1165 2094 primo
1180 2021 1254 2098 legis
1269 2019 1339 2079 Ocr-

160 2118 251 2175 neliae
273 2116 310 2175 de
330 2116 442 2175 sicariis
463 2119 593 2183 cavetur,
615 2115 689 2189 ut:⁸)

245 2213 277 2278 Is
301 2217 430 2298 praetor
453 2213 585 2276 iudexve
610 2210 816 2295 quaestionis,
839 2211 890 2274 cui
912 2215 997 2274 sorte
1013 2212 1179 2277 obvenerit
1196 2215 1341 2297 quaestio

161 2321 195 2383 de
218 2318 354 2393 sicariis,
378 2319 455 2395 cius,
479 2318 565 2401 quod
583 2316 617 2379 in
633 2316 713 2380 urbe
730 2315 833 2379 ltoma
849 2315 1020 2398 propiusve
1040 2316 1074 2380 M
1091 2339 1203 2400 passus
1219 2317 1340 2383 factum

161 2425 211 2501 sit,
234 2423 284 2488 uti
307 2421 457 2507 quaerat⁸
479 2444 551 2486 cum
573 2422 742 2498 iudicibus,
767 2422 821 2505 qui
845 2421 875 2484 ci
899 2441 937 2484 ex
953 2419 1024 2504 lege
1039 2426 1125 2485 sorte
1141 2420 1340 2501 obvenerint,

162 2529 324 2612 decapite
347 2528 425 2606 eius,
453 2527 509 2611 qui
532 2549 604 2591 cum
627 2526 693 2591 telo
716 2526 930 2590 ambulaverit
954 2525 1092 2590 hominis
1115 2526 1250 2591 necandi
1273 2527 1341 2591 fur·

162 2635 225 2698 tire
248 2633 385 2698 faciendi
409 2654 514 2709 causa,
537 2631 739 2696 hominumve
762 2631 923 2705 occiderit,
951 2631 1080 2694 cuiusve
1103 2630 1135 2694 id
1160 2630 1233 2695 dolo
1257 2631 1342 2696 malo

162 2737 281 2802 factum
305 2738 376 2803 erit.

239 2841 358 2917 (Cicero
374 2860 408 2916 p.
433 2840 546 2901 Ctnent
569 2842 699 2909 54,148;
721 2839 810 2898 Iubet
831 2840 877 2897 lex
898 2873 936 2883 —
957 2826 1084 2898 iudicem
1105 2840 1287 2914 quaestionis
1305 2874 1339 2882 —

164 2957 225 2996 cum
249 2938 285 2997 iis
307 2937 462 3007 iudicibus,
483 2939 537 3012 qui
557 2937 776 3002 eicbveuerint,
790 2970 824 2979 —
841 2955 981 3010 quaerere
1000 2935 1035 2992 de
1050 2930 1181 2992 veneno‘.
1208 2934 1340 3017 inquom

165 3037 325 3106 quaerere?
355 3032 510 3091 Infinitum
533 3035 605 3105 cem)

249 3131 439 3213 quicumque
463 3129 632 3212 [venenum
655 3129 774 3192 malum
798 3129 936 3192 hominis
953 3127 1085 3192 necandi
1101 3125 1228 3212 causa⁶]
1259 3125 1342 3191 fece-

168 3237 207 3299 rit
230 3233 408 3298 vendiderit
431 3234 543 3296 emerit
564 3233 714 3297 habuerit
736 3233 859 3298 dederit
880 3285 886 3298 .
906 3282 938 3296 ..

241 3334 330 3412 (Quid
350 3333 450 3392 eadem
472 3335 518 3392 lex
540 3337 640 3393 statim
662 3333 823 3411 adiungit?
864 3334 966 3392 Recita
974 3335 994 3403 τ)

251 3434 351 3517 deque
374 3431 441 3495 eius
465 3435 568 3517 capite
590 3433 746 3517 quaerito,
771 3471 813 3480 »-
837 3434 893 3517 qui
918 3432 1066 3496 tribunus
1082 3433 1223 3496 militum
1239 3431 1340 3517 legio·

169 3541 259 3603 uibus
282 3536 347 3603 1111
370 3537 491 3621 primis,
516 3538 611 3621 quive
634 3543 794 3622 quaestor,
818 3538 967 3602 tribunus
991 3536 1103 3621 plebis,

244 3642 392 3717 (deinceps
412 3660 512 3700 omnes
533 3641 759 3716 magistratibus
779 3641 957 3715 nominavit)

252 3738 347 3821 quive
369 3737 401 3801 in
425 3741 536 3801 senatu
560 3735 750 3800 sententiam
767 3736 849 3799 dixit
865 3737 991 3813 dixerit,
1015 3771 1054 3782 -
1073 3738 1127 3822 qui
1145 3760 1253 3802 eorum
1269 3737 1346 3802 coiit

238 3947 263 4014 l)
282 3946 329 4000 ua
345 3961 395 4014 pro
413 3944 508 3998 cavius
521 3944 668 3997 ernendavr't
680 3944 792 3998 Lecton.
805 3943 906 3997 Coelae
917 3950 981 3998 sunt
993 3950 1093 4012 saepta.
1106 3974 1141 3983 —-
1153 3945 1181 4013 2)
1195 3944 1344 4009 Ooll.1,3‚r.

170 4062 201 4072 -
221 4036 249 4102 3)
273 4032 359 4086 Verbo
378 4033 410 4085 ut
429 4031 494 4084 ieet
514 4030 555 4084 uti
574 4035 693 4099 quaerat
710 4048 766 4085 non
778 4038 940 4097 coruncant;
957 4032 1035 4099 prius
1048 4033 1079 4085 ut
1096 4031 1213 4100 Ulpiani,
1232 4032 1344 4086 alterum

170 4122 231 4190 tepea
248 4136 303 4174 cese
320 4119 433 4185 radetur,
452 4119 572 4186 quumvis
589 4121 619 4171 in
637 4121 758 4186 sequenti
774 4121 861 4187 capite
878 4119 1008 4187 coaptum
1025 4119 1060 4172 sit
1079 4118 1217 4186 quaerito.
1247 4118 1344 4187 [Irnpe-

168 4209 283 4261 rcte'onrn
301 4207 345 4259 lex
360 4206 487 4273 requie-tq
515 4205 713 4257 coniunctiorem
737 4204 870 4272 Ulprcnus
884 4206 985 4271 poscet
1014 4204 1064 4259 Tu.
1085 4204 1132 4273 u]
1156 4234 1185 4243 -
1206 4204 1234 4272 4)
1254 4202 1347 4270 Capite

170 4294 230 4363 tcpss
248 4295 343 4363 quinto
360 4293 410 4346 hoc
426 4293 528 4346 ineman
547 4308 600 4346 esse
618 4292 685 4346 ds'ca't
702 4291 839 4345 Marcion.
851 4290 987 4357 D.·48‚8‚3
1003 4308 1045 4360 pr.
1064 4321 1098 4330 —
1117 4291 1144 4353 5)
1164 4290 1224 4343 Hoc
1242 4290 1346 4343 addunt

169 4388 192 4434 et
210 4380 348 4434 Marcion.
373 4380 403 4433 in
422 4378 459 4434 D.
478 4380 495 4432 l.
513 4396 534 4434 c.
554 4384 593 4445 1,1
612 4385 637 4432 et
655 4383 698 4445 3,1
717 4385 742 4432 rt
762 4378 840 4434 Pani.
861 4380 889 4431 in
908 4382 972 4434 sent.
990 4382 1083 4445 5,23,1.
