2992 5040
159 321 201 383 84
686 313 813 368 Isidorus.

158 492 380 557 defunctorum
403 496 529 555 constat
553 513 620 555 esse
636 492 829 554 subventum
853 496 984 574 propter
1000 491 1152 573 legalium
1171 492 1346 556 verborum

157 597 392 672 difficultatem,
417 601 473 659 aut
496 601 583 659 certe
607 601 737 679 propter
762 597 981 659 necessitatem
1007 596 1261 660 adhibendorum
1280 597 1343 659 sol·

157 703 326 775 lemnium,
359 702 406 764 ita
436 708 470 763 nt
499 701 552 783 qni
579 701 709 764 titulum
736 699 848 764 scribit
881 701 1018 765 eiusdem
1042 702 1231 782 scripturae,
1256 702 1344 763 rodi-

157 808 266 870 cillum
292 811 390 870 vocet.
442 809 489 868 15.
515 804 667 869 Cretio
689 812 737 869 est
761 813 866 869 certus
890 805 1011 869 dierum
1036 828 1197 879 numerus,
1221 807 1254 868 in
1280 828 1348 889 quo

156 911 325 974 institutus
341 911 432 974 heres
448 916 505 973 ant
522 911 591 973 adit
608 910 829 986 hereditatem,
848 916 906 974 aut
922 911 1015 974 finito
1031 915 1173 992 tempore
1190 913 1344 974 cretionis

157 1016 346 1093 excluditur,
370 1037 428 1079 nec
452 1017 588 1079 liberum
613 1021 661 1079 est
684 1015 732 1079 illi
757 1016 844 1079 ultra
866 1016 1037 1099 capiendae
1059 1015 1258 1078 hereditatis.

246 1118 274 1181 V
300 1124 352 1197 24,
375 1122 426 1184 20.
474 1118 717 1183 Mandatum
743 1121 872 1196 dictum,
908 1120 992 1204 qarod
1016 1118 1092 1183 olim
1117 1119 1149 1183 in
1174 1122 1344 1183 corrrmisso

156 1225 285 1309 negotio
308 1226 389 1289 alter
412 1226 505 1289 alteri
539 1247 667 1288 uranum
693 1225 800 1287 dabat.

245 1329 273 1391 V
298 1333 350 1407 24,
367 1333 418 1393 25.
456 1329 649 1393 Donatio
672 1336 720 1393 est
744 1329 915 1393 cuiuslibet
938 1330 983 1392 rei
1008 1332 1196 1399 transactio:
1224 1330 1342 1394 dictam

156 1443 261 1501 autem
287 1437 397 1499 dicunt
419 1437 625 1499 donationem
649 1435 745 1517 quasi
769 1436 843 1497 doni
868 1435 1035 1511 actionem,
1065 1440 1098 1498 et
1121 1435 1227 1498 dotem
1251 1437 1343 1519 quasi

156 1541 206 1605 ‘do
229 1541 327 1605 item'.
374 1539 589 1605 Praecedente
612 1541 696 1604 enim
722 1540 755 1603 in
780 1540 900 1622 nuptiis
924 1540 1094 1602 donatione
1111 1541 1167 1603 dos
1183 1542 1342 1624 sequitur.

156 1646 207 1711 26.
232 1645 317 1709 Nam
333 1647 485 1730 antiquus
502 1646 685 1728 nuptiarum
708 1652 777 1708 erat
793 1645 884 1722 ritus,
909 1645 993 1728 quod
1009 1646 1195 1708 samaritas
1211 1652 1245 1708 et
1262 1668 1344 1709 uxor

156 1751 288 1814 invicem
314 1751 478 1828 emebant,
514 1773 554 1814 ne
578 1750 741 1813 videretur
764 1772 844 1814 uxor
867 1750 993 1822 ancilla,
1023 1750 1106 1813 sicut
1128 1749 1285 1814 habemus
1308 1753 1340 1814 in

156 1857 233 1921 iure.
279 1855 356 1920 Inde
386 1860 449 1933 est,
482 1856 567 1940 (pund
601 1857 807 1938 praecedente
835 1855 1007 1918 donatione
1030 1855 1090 1917 viri
1114 1855 1261 1938 sequitur
1285 1856 1341 1919 dos

156 1964 273 2027 uxoris.
320 1964 372 2026 27.
409 1962 549 2026 Donatio
583 1962 819 2025 usufructuaria
850 1962 920 2025 ideo
947 1960 1073 2036 dicitur,
1104 1961 1181 2042 quia
1206 1960 1344 2024 donator

156 2090 194 2133 ex
218 2090 254 2130 ea
278 2069 512 2131 usumfructum
536 2065 640 2129 adhuc
664 2067 781 2129 retinet
796 2069 932 2141 servato,
949 2065 1000 2128 cni
1017 2066 1170 2127 donatum
1186 2070 1246 2138 est,
1263 2067 1340 2129 iure.

156 2175 208 2238 28.
242 2173 379 2237 Donatio
412 2173 531 2237 directa
557 2172 627 2235 ideo
650 2177 864 2253 nuncupatur,
890 2170 964 2253 quia
988 2173 1020 2232 et
1043 2170 1111 2231 iure
1134 2174 1167 2230 et
1190 2190 1249 2231 usn
1275 2175 1341 2232 sta·

156 2281 214 2343 tim
239 2279 356 2341 transit
378 2279 411 2341 in
436 2278 583 2351 alterum,
608 2298 667 2339 nec
691 2276 777 2339 ultra
801 2276 874 2339 inde
898 2275 1019 2359 aliquid
1042 2276 1082 2338 ad
1104 2274 1154 2337 ius
1176 2274 1343 2338 donatoris

156 2388 369 2468 retorquetur.

242 2487 272 2550 V
289 2492 341 2567 24,
359 2489 410 2553 30.
450 2486 689 2570 Stipnlatio
712 2491 761 2550 est
782 2486 949 2568 promissio
975 2486 1023 2549 vel
1040 2484 1179 2567 sponsi0,
1206 2487 1290 2548 uude
1311 2494 1343 2550 et

156 2594 364 2677 promissores
387 2590 593 2674 stipulatores
618 2597 788 2663 uocantum
814 2591 900 2654 dicta
922 2594 1028 2654 autem
1051 2590 1223 2672 stipulatio
1248 2592 1341 2653 asti-

156 2698 248 2782 pula:
274 2705 394 2761 veteres
417 2697 511 2771 enim,
536 2698 664 2778 quando
687 2697 748 2760 sibi
772 2697 894 2781 aliquid
918 2696 1160 2778 promittebant,
1185 2697 1340 2780 stipulam

156 2809 299 2867 tenentes
332 2802 542 2886 frangebant,
577 2824 672 2884 quam
703 2802 817 2865 iterum
852 2801 1021 2882 iungentes
1053 2802 1238 2885 sponsiones
1267 2825 1342 2865 suaa

155 2907 385 2993 agnoscebant,
419 2909 485 2970 sive
508 2909 593 2991 quod
617 2909 773 2991 stipulum
797 2909 888 2971 iuxta
913 2906 1045 2970 Paulum
1071 2907 1258 2970 iuridicum'
1286 2907 1340 2969 lir-

157 3037 241 3077 mum
259 3013 509 3096 appellaverunt.
543 3016 596 3078 31.
621 3011 931 3077 Sacramentum
947 3019 996 3076 est
1012 3015 1129 3098 pignus
1144 3013 1340 3095 sponsionis.

247 3115 283 3192 V,
308 3120 360 3195 25,
388 3119 437 3181 11.
485 3115 613 3180 Finium
638 3117 852 3200 regundorum
877 3117 961 3180 actio
984 3118 1069 3180 dicta
1092 3139 1146 3192 eo,
1176 3117 1262 3199 quod
1286 3139 1343 3199 per

155 3246 223 3287 eam
247 3226 401 3302 regantur
417 3223 496 3284 lines
513 3222 651 3304 utrique,
672 3243 711 3284 ne
727 3220 932 3303 dissipantur,
951 3221 1121 3284 dummodo
1138 3220 1218 3283 n0n²
1236 3243 1341 3305 angu-

154 3329 251 3392 stiore
275 3329 417 3410 quinque
441 3326 554 3408 pedum
578 3325 648 3391 loco
672 3348 709 3389 ea
732 3326 950 3389 controversia
973 3325 1024 3388 sit.

243 3430 283 3507 V,
307 3433 360 3509 25,
387 3435 435 3495 14.
484 3429 562 3494 Res
586 3431 842 3504 creditatest,
874 3452 957 3513 quaa
980 3431 1013 3492 in
1037 3430 1268 3514 obligationem
1294 3432 1341 3494 ita

155 3538 288 3602 deducta
312 3546 369 3611 est,
395 3542 430 3599 ut
454 3558 491 3598 aex
516 3540 667 3617 tempore,
693 3557 756 3616 quo
773 3535 1033 3612 contrahebatur,
1056 3543 1178 3598 certum
1203 3536 1246 3598 sit
1270 3558 1341 3599 earn

155 3642 271 3706 deberi.
324 3644 372 3705 ld.
406 3639 719 3705 commodatum
753 3646 801 3704 est
823 3641 865 3716 id,
899 3641 982 3723 quod
1008 3640 1109 3703 nostri
1132 3640 1211 3703 iuris
1235 3647 1285 3704 est
1310 3647 1343 3705 et

155 3747 193 3810 ad
224 3747 360 3810 alterum
391 3745 611 3827 temporaliter
645 3745 836 3808 translatum
871 3749 920 3808 est
950 3767 1022 3808 cum
1052 3744 1146 3808 modo
1176 3747 1345 3827 temporis,

154 3853 307 3935 quamdiu
330 3852 413 3934 apud
438 3873 508 3914 eum
532 3850 700 3913 commodo
723 3850 774 3923 sit,
801 3851 883 3913 rrrrde
905 3858 938 3912 et
959 3850 1193 3913 commodatum
1219 3850 1341 3914 dictum

154 3960 211 4020 eat.
258 3957 308 4021 17.
336 3954 578 4019 Precarium
603 3959 661 4030 est,
687 3954 761 4016 dum
786 3976 878 4036 prece
902 3955 1040 4018 creditor
1057 3959 1190 4038 rogatus
1207 3955 1344 4036 permit·

184 4120 248 4127 -.---
262 4121 282 4126 ..

243 4219 268 4283 1)
294 4224 358 4270 seat.
385 4222 460 4282 5,7‚1.
490 4247 521 4254 -
550 4219 578 4282 21
605 4234 660 4271 non
686 4216 824 4270 ‹leleudarn
843 4223 927 4269 cernet
947 4216 1120 4283 Auyustiaas
1146 4216 1183 4268 ad
1201 4216 1267 4269 XII
1286 4219 1338 4270 tub.

154 4326 174 4355 e.
188 4312 232 4367 20,
252 4303 288 4357 od
308 4306 521 4356 ‘'troianos-ererum
542 4303 574 4355 ‹lc
596 4304 660 4356 loco'
679 4310 799 4370 spectare
812 4305 947 4357 Isidorum
962 4310 1045 4372 putat
1065 4304 1136 4357 aad.
1157 4304 1341 4360 rouaFeldm.

153 4394 231 4453 ’.1443
254 4410 278 4443 n.
298 4396 353 4443 535.
394 4392 434 4453 Cf.
456 4391 532 4456 infru
548 4414 576 4457 p.
594 4397 633 4451 111,
656 4397 688 4442 1-1
705 4404 741 4445 :
760 4394 808 4457 (4).
