2992 5040
532 344 633 399 Edicta
651 345 688 399 de
708 344 860 414 Esquilino.
1231 341 1290 413 181

112 544 171 586 aar·
195 526 274 606 pert
299 531 399 585 ταῦτα
417 523 457 585 ἐν
480 521 603 595 ἑαυτοῖς
627 521 774 602 κύρωσιν,
799 520 954 607 (abnam
978 520 1192 604 καρπίζωνται
1212 543 1287 604 κρα-

112 638 211 693 τῶσιν.
255 626 413 713 Ἔδοξεν.]

111 826 254 890 ominibus
283 828 320 888 in
352 827 448 890 rebus
475 825 659 908 secundum]
688 826 832 903 (utnrom
865 825 1001 905 posthoc
1033 826 1073 889 cto
1104 826 1176 888 anis
1196 819 1291 883 rebus

106 934 290 1010 potestatem
314 936 448 994 ertantur
470 930 641 1014 [fricantur
662 931 808 995 babeant.
862 928 1045 1013 Ocnsucrc)

112 1159 160 1223 42.
186 1158 342 1222 Edicta
365 1161 404 1221 et
427 1112 819 1222 senatusconsulta
843 1158 887 1222 de
908 1160 1043 1241 aam'po
1065 1154 1288 1240 Esquilina.

446 1396 449 1401 ῃ
509 1312 558 1377 (Α.
587 1312 708 1368 titutum
729 1311 878 1381 praecone.

196 1437 278 1505 Gippi
300 1436 354 1489 cluo
378 1436 478 1504 lapidis
507 1435 645 1488 Tiburtini
667 1433 735 1487 idem
757 1433 871 1487 edictum
893 1435 1057 1487 continentes
1073 1435 1173 1502 reperti
1190 1433 1292 1488 Romae

112 1525 173 1578 locis
191 1526 321 1593 antiquis,
340 1524 440 1578 scilicet
459 1529 536 1577 entra
555 1538 647 1576 niuroe
666 1521 817 1584 Seruianae,
836 1523 906 1575 atter
924 1528 996 1576 metr.
1015 1524 1066 1575 176
1083 1544 1117 1569 =
1131 1522 1192 1589 peel.
1212 1521 1289 1575 Rom.

113 1629 132 1665 c.
151 1616 205 1665 500
224 1612 259 1664 ab
276 1627 379 1680 capere,
399 1626 451 1678 quo
470 1611 494 1663 is
510 1611 651 1678 proximus
669 1614 715 1673 eat,
734 1614 917 1676 antepartum
936 1608 1093 1663 Viminatcm
1108 1624 1192 1679 prope
1203 1614 1292 1663 caena

112 1701 265 1766 praetoria,·
283 1698 353 1751 alter
370 1703 444 1751 metr.
464 1699 514 1750 185
531 1718 567 1742 =
581 1697 642 1764 pec.
663 1696 741 1751 Rom.
760 1714 781 1751 c.
801 1700 852 1750 625
869 1698 904 1751 ab
924 1714 1019 1768 appone
1035 1703 1220 1766 antepartum
1238 1696 1290 1751 Ee·

112 1789 242 1854 quitinam
259 1803 343 1855 prope
361 1785 388 1838 S.
408 1785 538 1851 Einebii;
567 1787 753 1853 inscriptiones
777 1787 819 1839 ita
837 1785 982 1839 collocatae
998 1797 1076 1851 aunt,
1098 1791 1130 1838 ut
1147 1784 1185 1837 ad
1200 1786 1291 1839 urbem

112 1875 260 1942 respiciant.
302 1874 457 1927 Terminant
480 1875 553 1941 cippi
577 1874 608 1925 tn·
628 1876 753 1941 (itemque
770 1873 904 1927 decretum
922 1873 1067 1927 edictnmoe
1084 1873 1156 1941 quod
1171 1875 1291 1941 uantur

110 1961 196 2015 eadem
208 1961 272 2028 fere
289 1977 342 2029 quo
359 1962 429 2015 atter
446 1977 479 2015 ea
496 1961 539 2014 bic
556 1962 643 2029 cippis
661 1961 717 2014 loco
737 1959 921 2018 eruderatum}
943 1976 1001 2013 eam
1015 1966 1122 2028 portem
1140 1961 1228 2027 campi
1238 1958 1290 2014 Ea·

112 2050 214 2115 anulini,
233 2064 287 2116 quo
305 2055 393 2101 aetate
411 2049 509 2102 liberae
527 2051 568 2102 rei
581 2048 709 2117 publicae
727 2048 822 2102 licebat
841 2050 959 2102 conicere
976 2054 1000 2100 et
1018 2049 1075 2100 otia
1093 2049 1183 2100 omnia
1194 2054 1219 2100 et
1230 2049 1290 2116 ipsa

111 2137 240 2190 caderem
260 2138 307 2205 (cs.
325 2136 435 2203 Becker,
458 2136 570 2205 Topopr.
590 2136 637 2189 der
649 2136 728 2189 Stadt
742 2134 811 2189 Rom
825 2154 854 2203 p.
866 2139 936 2202 554).
975 2135 1071 2189 Edidit
1089 2150 1133 2188 coe
1144 2134 1289 2201 Lanciani,

111 2223 171 2277 buli.
192 2223 266 2277 della
285 2240 374 2278 cornne.
394 2225 467 2277 arcti.
487 2240 590 2278 cornua.
611 2227 681 2276 1882
698 2240 723 2292 p.
740 2226 789 2277 159
807 2231 832 2277 ct
845 2226 912 2276 1884
929 2241 956 2290 p.
967 2226 1008 2276 58.
1027 2254 1061 2262 -
1075 2223 1189 2276 Praetor
1205 2228 1290 2290 potent

110 2326 160 2365 ease
179 2318 229 2364 aiut
248 2313 272 2366 ie
290 2314 367 2366 cecina
385 2318 478 2365 entant
496 2312 604 2365 bertarii
621 2313 747 2379 inscripti
766 2311 793 2364 L.
808 2310 885 2364 Senti
906 2310 934 2366 C.
955 2310 973 2364 t.
993 2312 1052 2363 crisi
1068 2316 1156 2363 aetate
1173 2310 1289 2365 Sullana

113 2404 184 2461 (rbni.
207 2396 378 2453 Mincuceen
394 2415 420 2466 p.
439 2401 501 2464 570)
524 2404 574 2452 aut
589 2399 683 2466 potnu
694 2398 773 2466 fitius
791 2398 848 2451 eiua
861 2403 1002 2465 practerea
1020 2399 1133 2466 innotui.
1155 2427 1186 2436 -
1206 2397 1288 2451 Edic-

110 2493 164 2540 tuin
185 2488 322 2555 proetomb
348 2487 448 2540 urbani
470 2486 521 2538 boc
546 2502 601 2541 esse
624 2485 767 2539 cernimile
789 2492 827 2539 eet
853 2501 913 2538 cum
928 2490 1039 2553 propter
1052 2486 1288 2554 praeumptionem

111 2579 163 2626 tum
179 2580 292 2642 propter
308 2574 389 2627 acrba
409 2572 573 2627 Tertulliani
590 2573 623 2626 <u
639 2572 730 2641 pudic.
743 2577 772 2626 1:
792 2589 808 2626 o
827 2571 949 2626 edictum
969 2573 1012 2625 cni
1033 2571 1154 2625 adscribi
1173 2589 1227 2627 non
1241 2590 1288 2642 pa·

111 2662 188 2714 terit:
208 2660 313 2716 bonum
332 2662 453 2723 factum,
481 2662 677 2729 imitant-unque
695 2660 781 2714 edicta
799 2662 1005 2729 inopistratuum
1022 2659 1128 2713 ludicra
1141 2660 1289 2728 popularia

110 2750 192 2802 relata
210 2747 287 2817 apud
304 2746 461 2801 Suetonium
482 2748 555 2803 Caes.
575 2750 612 2801 80
630 2754 655 2802 et
679 2748 764 2802 Vitell.
784 2751 822 2801 14.
861 2748 975 2802 Retinui
991 2755 1079 2802 tamen
1096 2748 1229 2814 hocloco,
1256 2765 1289 2802 ne

110 2850 256 2905 separarem
280 2854 298 2890 a
323 2837 403 2891 titulo
429 2853 458 2890 ea
486 2838 534 2905 qui
559 2839 693 2905 nequitur,
723 2851 781 2890 cum
807 2836 968 2904 praeuertirn
985 2835 1098 2889 edictum
1113 2838 1289 2904 mapietratue

108 2932 132 2976 et
148 2931 259 2978 unumne
281 2926 431 2979 consultum
448 2941 526 2993 saepe
542 2926 584 2978 ita
601 2926 654 2978 sibi
670 2925 861 2992 respondeant,
890 2930 921 2977 ut
938 2924 1053 2977 vidimus
1070 2923 1130 2987 (ieri
1146 2925 1177 2976 iu
1194 2923 1287 2976 tabula

110 3011 137 3064 ‹tc
156 3012 376 3066 Bacchanalibus
396 3021 431 3080 (p.
451 3016 502 3065 160
520 3014 549 3064 in
567 3012 697 3073 exordio).

194 3136 228 3200 L.
254 3136 382 3201 Sentius
405 3135 439 3202 b.
463 3136 486 3200 f.
511 3135 669 3220 praetor)
696 3136 741 3219 (²)
766 3136 805 3199 de
828 3135 985 3219 sen(atus)
1010 3133 1194 3217 senl(enlia)
1219 3134 1288 3198 loca

111 3241 153 3323 (³)
179 3240 384 3305 terminanda
406 3241 589 3325 coar(avit).
1275 3254 1279 3261 '

195 3345 242 3430 (⁴)
269 3344 421 3430 B(0nu1n)
437 3345 598 3431 fluctum).
618 3384 656 3393 —
684 3345 744 3411 Nei
769 3347 841 3431 quis
857 3347 943 3410 intra
967 3343 1014 3430 (⁶)
1038 3342 1191 3407 terminos
1213 3362 1287 3424 pro·

113 3450 177 3531 pins
204 3450 251 3536 (⁶)
278 3449 389 3516 urbem
414 3453 570 3515 ustrinam
594 3452 643 3536 (⁷)
668 3451 779 3516 fecisse
802 3451 881 3515 velit
904 3450 996 3514 neive
1019 3447 1066 3534 (⁸)
1091 3451 1212 3512 stercus
1235 3467 1287 3510 aa·

111 3554 201 3619 laver
225 3556 273 3641 (⁹)
296 3555 441 3621 iniecisse
464 3556 551 3620 velit.

194 3659 236 3723 Iu
268 3660 369 3724 altero
402 3662 496 3740 cippo
524 3662 744 3739 subscriptum
776 3665 823 3723 cst
847 3660 963 3724 litteris
985 3680 1049 3722 non
1073 3659 1200 3733 incisis,
1231 3656 1288 3720 secl

109 3766 202 3843 pictis
226 3770 368 3829 tantum:
391 3764 519 3829 Stercus
542 3764 637 3849 longe
662 3764 707 3848 (²)
733 3764 823 3829 alifer
847 3764 906 3849 (³)
931 3786 970 3827 ne
993 3763 1112 3826 malum
1136 3763 1265 3826 habeas.

492 3941 521 3995 Β.
557 3939 607 3996 80.
626 3941 659 3996 da
678 3953 748 4008 naua
767 3940 902 3996 ttaatana.

175 4062 203 4116 0.
218 4061 242 4114 1.
257 4060 290 4115 L.
311 4064 391 4123 0848
408 4065 523 4116 acono.
561 4061 591 4114 Ε
601 4062 679 4129 cippo
693 4061 904 4130 ‹amathopraplu›
922 4061 1042 4126 (a.1,54‚
1062 4060 1078 4112 t.
1092 4061 1166 4125 O,74)
1186 4056 1288 4111 Romae

110 4164 133 4200 a.
143 4153 209 4204 1875
227 4156 339 4218 reperto,
358 4150 407 4218 qui
423 4150 510 4204 estin
528 4149 640 4204 aedibus
658 4155 884 4202 conservatorum.
922 4148 997 4212 Scri,
1017 4164 1070 4200 non
1082 4146 1146 4215 lepis
1159 4161 1215 4198 esse
1226 4145 1286 4197 reii-

110 4237 185 4302 quiae
204 4237 268 4291 inde
285 4237 411 4305 efficitur,
433 4236 505 4305 qicod
521 4237 626 4290 decreta
643 4238 822 4290 enuntiantur
840 4253 893 4288 non
913 4235 1080 4302 imperativo,
1098 4233 1145 4286 aed
1161 4233 1287 4285 coniunc-

109 4323 159 4378 tiao
175 4327 261 4381 niodo.
299 4324 343 4379 De
359 4325 471 4378 decretio
488 4325 558 4392 ipsis
579 4339 600 4376 o.
621 4322 783 4376 Montmneni
801 4320 1022 4375 commentorium
1041 4321 1072 4372 in
1092 4318 1120 4374 (Ὺ.
1140 4318 1163 4370 l.
1179 4317 1210 4372 L.
1244 4314 1286 4384 Of.

110 4408 183 4478 infra
200 4414 282 4482 tepent
300 4411 464 4465 huminum
