2992 5040
601 333 865 391 Pseudo-Asconius.
1071 290 1075 297 ¹
1295 337 1336 403 73

240 510 257 593 ᾗ
282 511 333 577 33.
372 511 594 593 Mancipes
618 515 695 575 sunt
717 510 963 593 publicanorum
988 512 1164 595 principes,
1199 511 1337 576 Romani

152 615 314 694 homines,
339 617 394 699 qui
418 620 568 699 quaestus
592 616 639 679 sui
665 637 760 680 causa
783 615 833 680 sui
856 617 1003 680 decumas
1028 615 1198 695 redimunt,
1224 615 1336 704 [decu-

152 720 239 784 mani
263 721 478 803 appellantur,
486 718 513 804 ¹]
547 720 574 782 si
598 717 745 802 portum¹
768 726 825 783 aut
848 741 962 802 pecora
985 720 1122 804 publica,
1147 720 1336 804 portitores⁸

153 831 209 890 aut
232 824 383 908 pecuarii,
407 845 543 908 quorum
567 825 651 888 ratio
674 824 833 908 scriptura
849 825 975 889 dicitur.
1022 825 1065 889 Hi
1081 826 1165 891 enim
1182 827 1337 910 exigenda

153 932 275 995 asocis
300 952 357 994 suo
382 929 522 1013 periculo
547 929 682 1013 exigunt
705 934 737 993 et
759 929 805 993 rei
826 928 972 1013 publicae
988 935 1238 1014 repraesentant,
1261 953 1336 1015 pro·

153 1037 296 1100 ridentes
320 1035 416 1099 etiam
440 1036 473 1097 in
497 1034 555 1097 illa
578 1034 797 1117 redemptione
819 1035 1008 1099 commodis⁴
1031 1036 1127 1100 suis.⁶
1171 1036 1259 1101 Licet
1278 1058 1337 1102 au·

154 1147 229 1218 tam,
253 1141 280 1205 si
296 1141 460 1204 moderate
477 1139 545 1216 fiat,
569 1139 737 1204 aestimare
753 1140 787 1203 in
803 1140 933 1205 cellam⁸
949 1141 1106 1225 praetoris
1121 1140 1336 1220 frumentum

153 1246 313 1329 mancipes
343 1266 400 1328 pro
432 1243 596 1309 frumento
630 1245 671 1308 ab
703 1245 886 1310 aratoribus
920 1245 1070 1329 pecunias
1103 1246 1245 1329 accipere
1272 1267 1336 1310 non

154 1351 236 1417 licet.
284 1352 388 1433 (113.)

243 1458 260 1539 ἓ
285 1458 335 1520 34.
378 1455 472 1521 Certa
503 1461 592 1533 sunt,
623 1455 658 1519 in
688 1456 805 1540 quibus
837 1456 1010 1539 impunitas
1039 1457 1137 1521 indici
1160 1457 1271 1535 datur,
1303 1456 1337 1520 iu

154 1583 248 1626 causa
271 1562 474 1645 proditionis,
498 1562 685 1639 maiestatis,
710 1561 785 1625 etsi
802 1561 878 1645 quid
894 1561 1076 1626 huiusmodi
1092 1568 1150 1628 est.
1175 1599 1217 1611 -
1238 1560 1338 1627 index

155 1671 343 1743 astantem,
367 1668 422 1751 qui
446 1666 608 1745 facinoris,
633 1667 723 1731 cuius
747 1667 815 1751 ipse
838 1671 886 1730 est
906 1667 1019 1740 socius,
1044 1667 1183 1731 latebras
1199 1665 1337 1732 indicat⁷

154 1769 347 1853 impunitate
370 1772 547 1854 proposita.
594 1773 696 1853 (114.)

243 1875 260 1958 ᾖ
284 1878 336 1942 48.
360 1913 404 1924 -
428 1876 566 1941 alienum
592 1883 640 1941 est
663 1877 795 1942 alterius
818 1877 943 1955 iudicii,
976 1881 1008 1942 et
1030 1898 1093 1941 non
1117 1900 1155 1942 ex
1178 1877 1338 1941 auditorio

154 1982 311 2063 praetoris
335 1983 557 2066 maiorumque
580 2002 759 2060 causarum,
789 1983 842 2046 sed
866 1982 903 2047 a³
924 1982 1094 2060 subselliis,
1119 1981 1180 2046 hoc
1202 1986 1251 2046 est
1273 2003 1337 2045 non

156 2107 175 2148 a
198 2085 432 2162 tribunalibus3
457 2093 533 2151 sunt
556 2088 639 2151 enim
665 2087 818 2152 subsellia
834 2089 1047 2168 tribunorum,
1071 2089 1169 2152 trium
1185 2089 1337 2165 virorum,

155 2194 360 2273 quaestorum
385 2196 417 2254 et
433 2189 651 2256 huiuscemodi
676 2192 802 2256 minora
818 2192 936 2257 iudicia
954 2194 1177 2269 exercentium,
1202 2193 1257 2276 qui
1273 2213 1337 2256 non

155 2294 188 2355 in
211 2293 297 2357 sellis
331 2293 495 2359 curulibus
527 2317 585 2360 nec
607 2297 845 2374 tribunalibuS,
877 2298 986 2362 sedin
1010 2297 1170 2363 subselliis
1193 2298 1336 2362 conside·

156 2398 242 2462 bant.
290 2402 393 2474 (118.)

243 2503 261 2585 ἓ
297 2505 349 2568 50.
395 2503 541 2569 Maenius
575 2527 648 2569 cum
683 2506 813 2569 domum
848 2527 939 2569 suam
974 2506 1122 2570 venderet
1157 2505 1272 2571 Catoni
1306 2510 1338 2572 et

155 2607 269 2672 Flacco
303 2611 504 2687 censoribus,
538 2615 575 2674 ut
607 2609 654 2674 ibi
683 2609 815 2674 basilica
838 2610 1076 2688 aedificaretur,
1099 2615 1265 2695 exceperat
1286 2610 1337 2689 ius

156 2714 216 2778 sibi
241 2716 335 2779 unius
359 2715 536 2794 columnae,
559 2739 654 2800 super
677 2739 774 2800 quam
796 2720 916 2781 tectum
939 2716 1096 2799 proiceret
1112 2737 1149 2779 ex
1165 2715 1337 2799 provolan-

157 2819 242 2882 tibus
265 2819 429 2897 tabulatis,
455 2821 555 2885 unde⁰
579 2821 647 2904 ipse
670 2825 702 2885 et
725 2823 846 2903 posteri
871 2822 938 2885 eius
960 2826 1103 2904 spectare
1125 2842 1242 2884 munus
1264 2821 1336 2904 gla-

155 2924 314 2988 diatorum
341 2932 479 3008 possent,
503 2927 708 3011 quodetiam
732 2932 801 2990 tum
824 2928 857 2991 in
883 2926 954 2990 foro
978 2926 1123 2992 dabatur.
1172 2924 1281 3008 (120.)

590 3117 619 3170 Β.
651 3116 678 3170 ln
697 3118 754 3173 aul.
778 3116 796 3171 ΙΙ
817 3115 863 3170 llb.
883 3115 900 3171 Ι.

240 3239 257 3322 ξ
281 3241 333 3303 26.
368 3238 782 3322 Comperendinatio
815 3245 862 3304 est
885 3240 925 3303 ab
949 3239 1095 3324 utrisque
1116 3239 1337 3326 litigatoribus

155 3342 291 3407 invicem
316 3342 377 3407 sibi
401 3344 604 3408 denuntiatio
628 3346 661 3408 in
685 3345 892 3428 perendinum
916 3343 1008 3409 diem.
1049 3342 1197 3429 Namque
1216 3366 1287 3409 cum
1303 3345 1336 3409 in

154 3470 221 3511 rem
245 3448 385 3531 aliquam
403 3454 537 3533 agerent
552 3448 732 3532 litigatores
754 3454 786 3513 at
802 3469 904 3532 poena
920 3469 954 3513 se
969 3450 1161 3514 sacramenti
1179 3454 1334 3532 peterent,

155 3552 330 3635 poscebant
351 3553 488 3616 iudicem
504 3552 551 3631 ¹⁰,
583 3554 638 3637 qui
663 3554 798 3617 dabatur
822 3559 894 3636 post
917 3555 1118 3641 trigesimum
1141 3555 1240 3619 diem:
1274 3577 1337 3640 quo

156 3657 231 3721 dato
255 3657 366 3721 deinde
390 3659 474 3721 inter
497 3680 531 3722 se
553 3658 832 3741 comperendinum
856 3659 948 3735 diam,
972 3666 1009 3723 ut
1025 3661 1062 3724 ad
1081 3660 1234 3725 iudicium
1249 3661 1338 3725 veni·

156 3765 237 3837 rent,
255 3762 498 3828 denuntiabant.
531 3762 600 3837 Quo
617 3784 688 3826 curn
705 3769 787 3828 esset
804 3768 945 3843 ventum,
963 3771 1136 3850 antequam
1151 3787 1247 3831 causa
1262 3787 1337 3851 age·

154 3874 254 3945 retur,
280 3870 372 3954 quasi
395 3893 452 3953 per
473 3871 609 3936 iudicem
627 3892 693 3935 rem
710 3872 925 3955 exponebant:
950 3872 1034 3956 quod
1051 3871 1156 3954 ipsum
1173 3870 1338 3935 dicebatur

153 3996 294 4039 caussae
316 3976 531 4053 coniectio,
555 3974 646 4060 quasi
664 3998 777 4040 causae
793 3998 868 4040 suae
884 3978 916 4039 in
931 3976 1026 4041 breve
1043 3976 1205 4040 coactio¹².
1231 3976 1336 4057 (164.)

227 4151 252 4217 1)
270 4148 328 4204 dec.
347 4166 410 4217 app.
431 4165 481 4202 om.
503 4149 572 4201 libri.
593 4177 627 4187 -
645 4148 673 4216 2)
693 4150 733 4202 sio
750 4150 864 4217 pastum
884 4147 955 4201 libru‘.
975 4175 1009 4186 -
1027 4147 1055 4215 3)
1073 4145 1193 4216 portorii
1212 4146 1284 4200 labri.
1303 4175 1336 4186 ·-

153 4237 184 4303 4)
203 4235 373 4291 commodius
392 4236 461 4290 aba.
483 4267 514 4275 —
534 4239 560 4303 5)
579 4234 624 4289 De
635 4236 803 4304 rrmacrpr'bus
820 4236 855 4303 cf.
869 4251 953 4303 supra
962 4251 991 4303 p.
1000 4239 1041 4287 12.
1062 4264 1091 4273 -
1112 4235 1139 4305 6)
1153 4249 1251 4288 cenam
1265 4235 1337 4288 libra.

154 4354 188 4362 -
220 4326 247 4391 7)
266 4322 366 4377 indicit
385 4324 456 4377 liba.
482 4354 517 4362 —-
544 4323 571 4392 8)
596 4339 682 4378 aom.
701 4323 770 4377 libra.
801 4352 834 4362 -
862 4324 889 4393 9)
909 4320 975 4376 iude
993 4321 1064 4375 libra.
1091 4350 1124 4361 -
1154 4322 1196 4389 10)
1216 4319 1336 4376 indicem

151 4411 224 4464 lias.
246 4442 276 4451 -
298 4412 341 4479 ll)
362 4410 405 4475 Of.
425 4410 486 4465 Gai.
504 4414 573 4477 4,15.
