2992 5040
154 314 196 377 60
494 309 590 374 Varro,
611 310 646 365 de
664 309 763 379 lingna
785 310 896 374 Latina,
915 308 935 363 l.
954 307 1000 363 Vl.

240 490 291 554 86.
325 487 418 553 Nunc
442 489 578 572 primum
596 511 710 574 ponam
735 488 788 553 de¹
813 488 965 552 censoriis
982 486 1119 550 tabulis:
1144 484 1223 551 ‘Ubi
1239 490 1332 549 noctu

152 595 186 658 in
224 594 378 677 templum
416 592 551 659 censor²
591 595 805 678 auspicaverit
842 598 938 676 atquc
973 593 1010 655 de
1041 592 1129 656 caelo
1160 590 1333 655 nuntinm⁸

153 700 225 777 erit,
249 698 414 782 praeconi⁴
437 698 483 762 sic
505 698 671 783 imperato,
695 704 732 762 nt
755 698 840 761 viros
864 702 968 761 vocet:
998 694 1100 771 ‘Quod
1124 695 1245 759 bonum
1271 695 1336 759 for·

152 808 301 867 tanatum
325 803 481 887 felixque⁶
502 803 705 887 salutareque
728 802 804 867 siet⁰
830 798 955 887 populo]
969 798 1115 864 Romano
1140 799 1336 876 Quiritium²

153 908 262 992 reique
292 908 438 991 publicae
466 908 577 992 populi
602 907 737 971 Romani
761 907 936 982 Quiritium
961 905 1105 990 mihique
1129 905 1338 990 collegaeque

153 1035 223 1077 meo
255 1013 328 1077 fidei
359 1013 626 1098 magistratuique
659 1015 788 1076 nostro!
835 1008 953 1075 Omnes
975 1009 1116 1085 Quirites
1141 1011 1264 1094 pedites
1287 1032 1337 1076 ar·

153 1123 257 1183 matos
285 1119 489 1201 privatosque
520 1122 682 1180 curatores
715 1115 858 1178 onmium
881 1114 1042 1193 tribuum,
1075 1117 1102 1179 si
1126 1117 1198 1200 quis
1222 1137 1283 1200 pro
1306 1138 1340 1180 se

154 1224 219 1288 sive
243 1224 317 1307 pro⁸
342 1223 442 1286 altero
459 1223 614 1287 rationem
638 1221 729 1284 ‹lare‘J
752 1220 847 1293 volet,
873 1220 1022 1284 vocato¹⁰
1044 1221 1077 1283 in
1093 1220 1202 1284 licium
1219 1221 1284 1284 huc
1299 1221 1340 1285 ad

155 1331 223 1393 me'.
271 1329 321 1392 87.
356 1326 472 1392 Praeco
495 1325 668 1410 intemplo
692 1325 1001 1409 priniumvocat010,
1026 1330 1137 1409 postea
1153 1327 1191 1390 de
1209 1320 1339 1401 moeris,

154 1434 230 1496 item
247 1431 402 1496 vocato¹⁰.
438 1430 501 1495 Ubi
520 1430 613 1504 lucet,
636 1435 796 1493 censores¹
810 1435 833 1507 ¹,
850 1430 982 1506 scribae,
999 1431 1209 1514 magistratus
1226 1455 1339 1497 murra

157 1536 392 1621 unguentisque
427 1539 669 1622 unguentor¹².
715 1534 781 1601 Ubi
816 1539 978 1617 praetores
1012 1535 1199 1619 tribunique
1233 1536 1339 1619 plebei

154 1641 272 1724 quique
295 1640 326 1702 in
351 1637 519 1704 consilinm
543 1639 648 1702 vocati
672 1644 748 1702 sunt
765 1643 930 1716 venerunt,
954 1660 1098 1703 censores
1117 1639 1252 1705 interae
1268 1664 1340 1705 sor·

155 1744 332 1819 tiuntcr¹³,
357 1749 427 1807 uter
452 1744 587 1807 lustrum
612 1743 719 1807 faciat.
766 1743 832 1808 Ubi
856 1744 1009 1826 templum
1035 1745 1156 1809 factum
1181 1751 1240 1822 est,
1265 1753 1340 1830 post

154 1856 224 1913 tum
249 1849 491 1912 conventionem
516 1848 673 1912 babeto¹⁴
701 1849 756 1932 qui
780 1846 915 1912 lustrum
941 1849 1128 1913 conditurus
1152 1855 1211 1914 est.

243 1954 294 2017 88.
331 1951 366 2016 ln
385 1952 621 2017 commentariis
646 1952 868 2016 consularibus
884 1953 1037 2036 scriptum
1055 1953 1100 2017 sic
1116 1954 1239 2018 inveni:
1265 1954 1337 2031 ‘Qui

155 2059 327 2122 exercitum
351 2058 563 2142 imperaturus
587 2059 657 2131 erit,
682 2080 812 2122 accenso
828 2058 937 2122 dicito:
964 2057 1237 2143 ‘0.ca1purni¹⁵,
1258 2081 1335 2124 voca

154 2166 188 2228 in
216 2165 323 2227 licium
354 2185 462 2227 omnes
487 2163 626 2240 Quirites
657 2164 718 2227 lruc
742 2163 781 2226 ad
807 2165 874 2226 me'.
923 2164 1081 2227 Accensus
1105 2164 1245 2229 dicitcff>
1272 2164 1334 2228 sic:

155 2266 285 2333 ‘Omnes
309 2269 458 2345 QniriteS,
483 2269 515 2331 in
540 2268 646 2331 licium
673 2269 765 2331 visite
788 2268 851 2332 huc
867 2269 905 2332 ad
922 2268 1060 2332 indices’.
1097 2268 1141 2333 ⁴0.
1159 2268 1336 2353 Calpurni',

155 2372 321 2458 colnlslul)
352 2372 509 2450 dicium,
541 2380 629 2436 ‘voca
653 2373 691 2436 ad
715 2372 955 2437 conventionem
980 2395 1088 2437 omnes
1112 2372 1253 2449 Quirites
1277 2374 1337 2438 hnc

155 2479 193 2542 ad
217 2481 286 2542 me'.
336 2478 493 2542 Ascensus
510 2479 646 2541 dicito¹⁶
676 2479 739 2542 sic:
765 2475 892 2541 ‘Omnes
909 2478 1058 2554 Quirites,
1082 2480 1126 2542 ite
1142 2480 1181 2543 ad
1198 2501 1338 2544 conven-

155 2584 274 2647 tionem
296 2582 359 2648 huc
382 2584 420 2646 ad
444 2584 580 2649 indices'.
620 2582 701 2647 Dein
718 2584 828 2647 consul
845 2584 1050 2667 eloquitor¹⁷
1079 2583 1118 2647 ad
1138 2585 1336 2649 exercitum:

157 2687 293 2772 ‘lmpero
318 2712 381 2772 qua
403 2690 551 2752 convenit
574 2690 611 2751 ad
636 2689 765 2752 comitia
788 2690 983 2754 centuriata.

245 2793 296 2857 89.
333 2791 438 2866 Quare
461 2791 561 2854 hic¹⁸
597 2814 791 2867 accenso,
826 2794 892 2858 illic
915 2795 1124 2877 praeconi
1148 2795 1234 2872 dicit,
1261 2797 1339 2861 baec

159 2905 207 2963 est
229 2921 342 2963 cansa:
375 2900 408 2962 in
432 2898 558 2982 aliquot
581 2900 674 2962 rebus.
699 2901 774 2963 item
789 2904 821 2940 ¹⁹
849 2904 884 2961 nt
909 2921 1031 2982 praeco,
1063 2920 1213 2964 accensus
1236 2901 1337 2965 accie-

158 3007 265 3081 bat²⁰,
290 3028 309 3068 a
334 3027 396 3088 quo
420 3026 567 3068 accensus
591 3027 718 3088 qnoque
741 3005 852 3069 dictus.
891 3005 1065 3068 Accensunr
1090 3006 1221 3071 solitum
1244 3008 1337 3084 ciere,

157 3108 291 3173 Boeotia
313 3110 466 3184 ostendit,
500 3130 593 3192 qnam
619 3108 813 3171 comoediam
838 3107 998 3192 Aquilii2¹
1028 3132 1095 3174 esse
1119 3111 1240 3185 dicunt,
1278 3113 1337 3176 hoc

159 3236 266 3277 versu:
302 3213 376 3278 ‘Ubi
408 3213 546 3297 primunr
579 3233 727 3276 accensus
751 3214 905 3276 clamarat
929 3215 1111 3280 meridiani.
1159 3216 1231 3282 Hoc
1254 3219 1338 3282 idem

144 3320 326 3383 -Coscouins
364 3320 395 3381 in
432 3317 608 3382 actionibus
641 3318 753 3381 scribit
786 3325 965 3401 praetorem
1000 3342 1166 3385 accensum
1200 3321 1333 3385 solitum

157 3429 265 3487 tnm²²
292 3447 358 3487 esse
382 3424 499 3499 iubere,
525 3423 578 3486 ubi
603 3424 631 3487 ei
650 3423 815 3487 videbatur
837 3423 948 3488 horam
973 3448 1039 3489 esse
1066 3425 1209 3503 tertiam,
1234 3427 1337 3490 incla-

158 3598 211 3651 Cr'c.
232 3597 268 3649 nri
286 3598 342 3649 Art.
363 3599 450 3660 13,⁴1o':
470 3596 588 3664 cognovi
607 3596 756 3653 cretionem
769 3596 869 3661 Cluvii,
889 3628 922 3636 -
941 3597 1058 3652 liberam
1071 3600 1235 3661 cretionem,
1255 3599 1336 3654 testi·

157 3685 208 3737 bus
227 3683 427 3753 praesentibus,
450 3682 494 3736 LX
514 3683 619 3739 diebus.
658 3685 698 3753 Os.
719 3686 795 3753 infra
811 3704 838 3754 p.
858 3689 889 3739 61
908 3687 953 3741 lib.
973 3686 1078 3749 Vlaas.

241 3771 266 3839 1)
285 3771 319 3825 de
337 3785 387 3823 om.
407 3770 439 3823 F.
463 3800 489 3809 -
506 3771 533 3832 2)
551 3788 665 3827 censore
681 3773 712 3824 F.
737 3804 765 3812 —
786 3776 812 3842 3)
834 3773 962 3827 Fortasse
976 3774 1146 3827 scribendum
1161 3774 1337 3837 nuntiatum,

157 3876 318 3927 utrumquem
336 3859 415 3912 eliam
443 3859 573 3911 nuntium
598 3859 630 3911 dc
648 3876 677 3913 eo
696 3862 768 3928 quod
786 3862 933 3915 nuntiatur
950 3862 1049 3914 dictura
1068 3862 1178 3937 (referiat
1190 3868 1288 3930 potest.
1309 3891 1337 3903 -

156 3948 185 4015 4)
206 3945 347 4015 praeconis
360 3945 395 4000 F.
419 3977 443 3983 —
466 3947 493 4011 5)
512 3948 551 3999 sic
562 3947 656 4015 Aldus,
677 3947 743 4001 felix
765 3948 797 4001 F.
817 3980 849 3987 —
869 3949 897 4017 6)
915 3948 1040 4003 salutare
1052 3949 1185 4018 quesierit
1198 3949 1234 4003 F.
1255 3980 1290 3989 -
1308 3951 1338 4013 2)

156 4034 216 4103 [scr.
235 4032 396 4098 Quiritibus.
428 4034 478 4087 Tu.
498 4034 542 4100 Μ.)
566 4066 594 4072 -
614 4035 642 4104 8)
661 4035 685 4088 si
704 4036 788 4091 verbo
807 4036 840 4088 F.
869 4066 894 4075 -
913 4037 940 4101 9)
959 4034 1022 4090 dari
1042 4035 1074 4090 F.
1096 4069 1126 4077 -
1149 4040 1191 4101 10)
1205 4041 1290 4093 uocat
1303 4038 1336 4092 F.

159 4152 189 4160 -
214 4123 255 4191 ll)
274 4138 368 4175 censor
388 4121 422 4173 F.
452 4151 483 4158 —
515 4121 558 4189 12)
577 4124 738 4189 unguentur
757 4122 792 4174 F.
821 4154 853 4161 -
882 4123 924 4191 13)
943 4124 1099 4189 sortiuntur
1118 4141 1186 4180 corr.
1205 4140 1239 4177 en
1257 4125 1338 4180 sorti·

156 4208 267 4263 liuntur
288 4209 321 4261 F.
342 4240 374 4247 -
397 4210 438 4273 14)
458 4207 542 4262 habet
562 4209 595 4264 F.
616 4241 650 4249 -
672 4212 714 4279 15)
733 4210 803 4264 dicit
822 4211 874 4265 hcc
892 4210 1020 4279 calpurni
1041 4209 1073 4262 F.
1097 4240 1126 4249 -
1151 4211 1193 4279 16)
1213 4209 1284 4267 dicit
1305 4213 1339 4267 F.

157 4328 189 4336 -
213 4299 257 4365 11)
276 4297 417 4364 eloquitur
436 4297 470 4351 F.
494 4328 518 4335 -
547 4298 589 4368 18)
608 4299 673 4353 hinc
693 4299 726 4352 F.
746 4329 779 4338 -
800 4300 845 4364 19)
864 4297 937 4352 idem
958 4298 991 4350 F.
1019 4330 1040 4336 -
1063 4298 1108 4367 20)
1128 4298 1285 4368 accipiebat
1305 4301 1340 4356 F.

159 4417 190 4424 —
208 4386 252 4441 21)
270 4385 310 4438 sic
333 4383 476 4449 Turnebus,
497 4385 547 4438 alii
564 4384 598 4438 F.
619 4417 649 4426 -—
671 4388 717 4454 22)
737 4391 797 4440 tum
816 4387 866 4441 ‹ch.
