2992 5040
698 288 784 359 Leges
802 290 907 359 rugiae,

549 534 605 600 vl.
639 533 824 615 snRvJUs
847 533 1040 600 TULLIUS.

304 683 330 747 1.
367 680 479 744 Liuius
502 682 649 762 (1‚42,5):
675 678 811 743 Censum
840 676 1058 753 -instituit,
1085 716 1120 724 —
1146 675 1260 741 classus
1285 680 1397 741 ceniu-

215 785 340 868 riasque
363 788 395 848 ei
416 820 461 831 -
483 783 624 847 ordinem
648 805 686 847 ex
709 805 801 848 censu
827 780 1007 865 descripsit.

302 890 332 953 2.
368 888 465 953 Dion.
491 893 621 971 (4,15)ι“
647 896 690 971 τῷ
714 887 749 950 δὲ
772 890 814 971 μὴ
840 885 1037 971 τιμησαμένῳ
1061 884 1209 969 τιμωρίαν
1226 885 1320 964 ὥρισε
1336 893 1391 968 της

215 1014 248 1056 τε
271 992 377 1066 οὐσίας
401 991 656 1076 στέρεσθαι,καί
681 993 774 1055 αὐτὸν
798 990 1039 1075 μαστιγωθέντα
1062 991 1234 1074 πραθῆναι.

303 1101 333 1163 θ.
366 1097 464 1163 Dion.
489 1098 637 1184 (4,22):²
669 1095 705 1162 Ὁ
730 1098 764 1160 δὲ
788 1096 922 1172 Τύλλιος
951 1098 1006 1159 καί
1029 1103 1093 1170 τοῖς
1116 1093 1394 1178 ἐλευθερουμένοις

216 1212 278 1266 τῶν
301 1202 505 1285 θεραπόντων
528 1239 569 1249 -
595 1200 734 1286 μετέχειν
750 1210 806 1285 της
822 1199 1027 1275 ἰσοπολιτείας
1044 1196 1205 1280 ἐπέτρεψε.
1239 1197 1395 1273 κελεύσας

215 1311 277 1391 γὰρ
310 1309 376 1391 ἅμα
407 1316 470 1382 τοῖς
503 1306 609 1381 ἄλλοις
632 1309 745 1369 άπασιν
769 1305 948 1389 ἐλευθέροις
971 1306 1025 1368 καί
1048 1303 1176 1378 τούτους
1199 1302 1393 1386 τιμήσασθαι

216 1415 272 1487 τάς
296 1412 411 1489 οὐσίας,
436 1413 478 1486 εἰς
501 1412 602 1494 φυλάς
626 1411 797 1489 κατέταξεν
822 1413 934 1485 αύτούς
958 1413 1013 1485 τάς
1036 1412 1121 1472 κατά
1144 1412 1199 1492 τὴν
1215 1408 1305 1471 πάλιν
1328 1407 1398 1472 τέτ-

217 1539 315 1600 ταρας
344 1516 563 1602 ὑπαρχούσας,
589 1555 629 1564 -
653 1520 707 1579 καί
738 1517 862 1579 πάντων
893 1514 1040 1577 ἀπέδωκε
1069 1524 1131 1578 τῶν
1154 1525 1267 1580 κοινῶν
1291 1515 1397 1588 αὐτοῖς

218 1621 368 1706 μετέχειν,
392 1623 434 1684 ὡν
458 1631 521 1696 τοῖς
546 1621 654 1696 ἄλλοις
678 1621 867 1706 δημοτικοῖς.

306 1728 336 1790 4.
368 1724 466 1789 Dion.
492 1727 629 1808 (4‚13):³
662 1729 735 1800 τοὺς
759 1727 873 1809 νόμους
896 1725 968 1799 τούς
994 1744 1028 1787 τε
1051 1722 1321 1798 συναλλακτικοὺς
1344 1725 1400 1786 καί

218 1832 290 1904 τοὺς
321 1831 391 1910 περὶ
423 1841 483 1895 τῶν
517 1831 721 1914 ἀδικημάτων
754 1830 938 1912 ἐπεκύρωσε
967 1839 1034 1904 ταῖς
1060 1829 1227 1912 φράτραις·
1260 1831 1341 1912 ἦσαν
1365 1829 1400 1892 δέ

219 1933 414 2018 πεντήκοντά
437 1945 498 1998 που
522 1936 656 2019 μάλιστα
679 1938 733 1998 τὸν
754 1935 899 2018 ἀριθμύν.

309 2043 338 2103 ύ.
363 2041 460 2106 Dion.
479 2042 622 2129 (4‚25):⁴
647 2043 766 2116 ἐκεῖνος
790 2041 900 2105 διελὼν
926 2041 988 2104 ἀπὸ
1012 2051 1073 2105 τῶν
1089 2041 1252 2104 ἰδιωτικῶν
1269 2039 1400 2124 (ἐγκλη-

219 2142 338 2226 μάτων)
362 2149 401 2208 τοί
426 2147 569 2231 δημόσια,
595 2157 656 2210 τῶν
681 2149 735 2230 μὲν
759 2148 802 2222 εἰς
826 2149 861 2210 τὸ
886 2149 991 2209 κοινὸν
1015 2145 1172 2228 φερόντων
1196 2144 1400 2229 ἀδικημάτων

220 2249 314 2322 αύτδς
343 2250 476 2314 ἐποιεῖτο
504 2255 561 2327 τάς
585 2252 782 2335 διαγνώσεις,
814 2261 875 2315 τῶν
899 2252 934 2315 δὲ
957 2253 1120 2314 ἰδιωτικῶν
1144 2249 1267 2324 ἰδιώτας
1290 2248 1400 2328 ἔταξεν

220 2353 297 2416 εἶναι
320 2354 479 2438 δικαστάς,
503 2359 594 2440 ὅρους
618 2359 672 2420 καί
688 2356 825 2431 κανόνας
850 2358 955 2431 αὐτοῖς
970 2355 1075 2438 τάξας,
1099 2357 1151 2429 οὓς
1168 2357 1261 2430 αὐτὸς
1278 2354 1401 2438 ἔγραψε

220 2459 344 2541 νόμους.

309 2567 338 2630 6.
373 2565 405 2631 S1
429 2591 577 2632 nsnnuusu
600 2591 673 2631 suun
697 2591 844 2644 cuiusuis,
868 2591 919 2632 sss
943 2591 1012 2632 nunu
1036 2590 1196 2641 ειωιιεειτ,
1221 2589 1294 2631 nunu
1320 2589 1395 2632 u1v1s

220 2690 373 2735 nnusunuu
396 2695 483 2735 sncsn
506 2673 606 2736 nss0.⁶

486 2846 558 2911 VII.
593 2845 864 2922 TARQUINIUS
887 2846 1129 2914 SUPERBUS.

310 2985 408 3050 Dion.
433 2988 572 3073 (4,43);ο
598 2986 646 3073 (Ὁ
664 2986 852 3070 Ταρκύνιος)
876 2990 948 3061 τοὺς
967 3024 1006 3034 -
1023 2987 1137 3071 νόμους
1152 2990 1224 3061 τοὺς
1240 2986 1300 3049 ύπδ
1318 2984 1404 3049 Τυλ-

295 3143 319 3212 l)
338 3143 467 3212 (incensis
485 3159 604 3212 poenum
623 3143 776 3205 consiiiuit,
800 3143 880 3198 bonis
899 3142 1008 3212 privari
1027 3149 1055 3197 et
1075 3143 1163 3211 virgis
1182 3160 1274 3199 caesos
1293 3160 1401 3197 venum

222 3228 305 3296 duri.)
324 3260 356 3268 —
375 3231 404 3298 2)
422 3230 541 3300 (Tullius
560 3231 643 3285 servis
657 3230 836 3284 manumissis
849 3230 995 3284 civitatem
1016 3231 1119 3286 habcrc
1131 3233 1279 3295 conessum
1298 3230 1400 3285 iubens

222 3315 296 3369 enim
324 3334 461 3371 unacum
481 3317 574 3371 liberis
592 3317 656 3370 aliis
678 3317 807 3372 omnibus
825 3317 913 3371 ctiam
935 3316 1049 3373 libertos
1067 3318 1187 3378 ccussri.
1215 3318 1246 3372 in
1264 3320 1401 3387 quattuor

223 3402 313 3456 tribus
338 3403 461 3457 urbanus
485 3421 530 3459 eos
554 3403 716 3468 distribuit,
739 3436 770 3443 -
790 3422 888 3474 eosque
914 3406 950 3460 ud
969 3406 1065 3461 omniu
1083 3423 1155 3474 quae
1173 3405 1287 3476 publicu
1307 3407 1401 3460 essent

222 3507 311 3558 aeque
329 3490 444 3544 admisit
463 3509 495 3545 uc
513 3495 618 3547 ceteros
636 3492 780 3562 plebeios.)
801 3523 834 3531 -
853 3495 880 3562 3)
901 3493 989 3564 (leges
1007 3509 1070 3546 cum
1084 3492 1119 3547 ds
1130 3491 1324 3549 contractibus
1338 3495 1400 3546 inm

223 3576 258 3631 de
277 3577 387 3632 delictis
405 3596 453 3647 per
472 3580 563 3633 curius
581 3580 663 3645 tulit,
689 3585 773 3635 erunt
793 3584 888 3636 nutem
907 3599 1022 3637 numero
1041 3581 1098 3636 sere
1116 3581 1347 3651 quinquaginta.)
1365 3609 1400 3619 -

223 3668 251 3735 4)
269 3667 329 3734 (illc
347 3666 455 3720 iudiciis
483 3667 601 3736 publicis
624 3669 763 3737 separatis
790 3669 946 3739 uprivutis
969 3669 1028 3738 ipsc
1049 3669 1164 3738 quidem
1183 3668 1218 3722 dc
1237 3666 1401 3722 criminibus

224 3753 260 3807 sd
278 3770 336 3807 rem
354 3753 496 3823 publicam
515 3754 721 3823 pertinentibus
734 3756 856 3824 suscepit
868 3755 1068 3824 cognitionum.
1089 3773 1182 3811 rurum
1197 3758 1293 3810 sutum
1307 3753 1402 3825 privs·

224 3844 319 3895 inrum
337 3839 463 3911 privatos
481 3843 584 3896 indices
603 3859 661 3896 esse
679 3842 768 3907 iussit,
796 3843 896 3912 quibus
914 3860 1028 3899 normns
1048 3847 1078 3897 et
1096 3842 1209 3912 regulus
1231 3843 1307 3913 luges
1325 3841 1407 3898 dedit

224 3947 242 3984 α
260 3947 288 3983 ue
306 3929 500 3999 conscriptas.)
518 3959 554 3969 —
572 3931 600 3998 5)
616 3930 679 3984 Vide
696 3947 779 3999 supra
798 3931 862 4000 Leq.
877 3931 954 3985 Rom.
967 3935 1007 3985 13.
1029 3961 1063 3971 -
1082 3932 1112 4000 6)
1130 3930 1311 4001 (Tarquinius
1330 3930 1407 4000 lngus

224 4035 242 4070 n
261 4015 353 4071 Tullio
373 4017 500 4086 scriptus,
519 4035 569 4086 per
581 4033 651 4085 quus
664 4035 726 4081 nnn,
746 4021 778 4070 ut
792 4021 886 4081 untes,
905 4019 936 4071 in
947 4016 1138 4073 contractibus
1152 4033 1171 4072 n
1180 4016 1308 4088 patriciis
1321 4032 1407 4074 τεκο-

224 4104 337 4168 bantur,
365 4119 460 4157 omnes
478 4104 600 4166 sustulit,
625 4107 653 4158 ei
671 4122 706 4159 ne
724 4105 839 4160 tubulus
857 4105 978 4174 quidem,
1000 4105 1031 4159 in
1049 4105 1150 4175 quibus
1169 4108 1253 4161 erant
1270 4104 1406 4176 seripho,

224 4193 352 4261 reliquit,
378 4190 425 4246 sed
444 4193 494 4245 hus
513 4209 621 4261 quoquc
646 4209 678 4246 ex
698 4192 760 4248 foro
785 4193 954 4248 summoveri
973 4191 1072 4248 iubens
1090 4192 1218 4263 delevit.)
1253 4190 1302 4265 Of.
1318 4190 1405 4250 Dion.

224 4283 282 4346 5,2.·
308 4283 432 4347 (Βροῦτος
456 4285 502 4332 κοιλ
526 4283 697 4347 Κολλατῖνος)
724 4284 784 4345 τούς
806 4285 900 4348 νόμους
924 4284 984 4346 τούς
1003 4286 1063 4348 περὶ
1080 4288 1132 4336 τῶν
1151 4282 1325 4351 συμβολαίων,
1340 4284 1407 4349 ’τοὺς

226 4370 275 4420 ύπδ
295 4371 407 4421 Τυλλίου
426 4374 581 4436 γραφέντας,
602 4399 631 4410 -
651 4372 697 4434 οὓς
715 4374 833 4434 ἅπαντας
850 4373 981 4424 κατέλυσε
999 4371 1152 4438 Ταρκύνιος,
1348 4392 1377 4422 ι.
