2992 5040
709 325 812 380 Festus.

168 503 365 568 ducerentur
391 508 423 568 et
446 504 643 587 patefierent,
667 503 748 567 nihil
771 526 808 568 eo
830 510 972 587 tempore
995 508 1028 569 in
1052 529 1085 570 re
1107 508 1260 592 plublica)
1281 509 1351 594 geri

172 609 360 677 uoluerunt:
394 611 503 693 itaque
530 630 661 692 percos
685 609 750 673 dies
774 631 837 673 non
860 632 930 673 cum
955 610 1046 674 hoste
1071 634 1181 676 manus
1205 635 1348 678 consere-

172 715 259 792 bant,
284 735 346 778 uon
373 715 528 779 exercitus
552 714 759 792 scribebatur,
783 737 846 778 non
862 716 991 780 comitia
1007 714 1229 804 habeba[ntur,
1253 717 1349 802 non¹]

171 819 259 883 aliud
284 821 452 904 quicquam
477 821 510 884 in
532 843 565 884 re
587 819 753 904 plublica),
776 821 849 883 nisi
863 821 947 904 quod
964 820 1078 886 ultima
1100 823 1269 887 necessitas
1292 824 1343 887 ad·

170 926 331 1003 monebat,
353 925 648 990 administrabatur.
694 925 733 989 F.
758 924 848 989 154².
885 927 941 1007 (P.
966 930 1056 1011 156.)

167 1027 332 1094 Manem
360 1030 541 1114 siguificare
564 1034 686 1094 certum
709 1035 757 1094 est
776 1030 964 1110 officiosum,
990 1033 1073 1095 unde
1088 1054 1105 1096 e
1122 1035 1281 1098 contrario
1297 1035 1348 1098 in-

167 1136 273 1200 munis
297 1136 424 1212 dieitur,
449 1136 504 1218 qui
528 1135 617 1199 nullo
640 1135 789 1220 fungitur
813 1135 928 1201 officio.
976 1136 1013 1201 P.
1039 1143 1112 1201 143.

167 1239 198 1303 Μ
213 1264 229 1303 ι]
244 1264 264 1304 ιι
279 1241 426 1306 eralis
451 1239 504 1304 lex
527 1246 639 1304 vocata
661 1245 719 1317 est,
744 1238 824 1324 qua⁸
847 1239 975 1305 Cincius
998 1243 1092 1319 cavit,
1115 1264 1156 1307 ne
1171 1242 1221 1306 cui
1236 1243 1348 1308 liceret

166 1368 281 1410 munus
306 1346 459 1430 accipere.
498 1345 647 1410 Plautus:
671 1353 786 1430 ‘neque
809 1347 1004 1410 muneratam
1021 1347 1126 1432 legem
1141 1370 1243 1432 neque
1258 1349 1345 1413 leno·

165 1451 261 1527 niam,
286 1458 401 1534 rogata
424 1450 524 1515 fuerit
546 1472 603 1514 nec
623 1472 672 1527 nc,
696 1450 804 1514 flocci⁴
829 1451 981 1515 aestimo'.
1029 1453 1066 1515 P.
1091 1457 1163 1518 143.

164 1555 196 1618 Μ
211 1579 231 1619 ιι
245 1579 265 1618 ιι
279 1557 288 1618 i
302 1579 319 1620 c
333 1579 407 1640 eps
430 1561 486 1634 est,
511 1561 547 1619 ut
570 1557 617 1620 ait
641 1556 751 1620 Aelius
777 1554 898 1631 Gallus,
923 1555 978 1639 qui
1002 1555 1033 1618 in
1052 1558 1224 1642 municipio
1246 1558 1345 1624 liber⁵

164 1665 258 1725 natus
282 1666 348 1743 est3
371 1663 449 1726 item
473 1663 528 1746 qui
552 1683 589 1725 ex
609 1659 671 1725 alio
688 1683 803 1745 genere
819 1660 986 1725 hominum
1002 1683 1119 1725 munus
1135 1662 1264 1727 functus
1280 1669 1344 1742 est;

165 1768 239 1830 item
274 1765 329 1849 qui
362 1766 395 1828 in
420 1766 610 1849 nrunicipio⁶
641 1788 678 1830 ex
702 1768 856 1831 servitute
886 1788 919 1831 se
944 1767 1092 1832 liberavit
1115 1792 1134 1832 a
1157 1770 1343 1853 municipe⁷.

164 1872 207 1934 At
231 1869 378 1935 Servius⁸
401 1871 507 1934 aiebat
522 1871 616 1935 initio
632 1871 741 1947 fuisse,
766 1874 820 1957 qui
838 1894 874 1937 ea
890 1873 1073 1936 condicione
1089 1874 1172 1937 cives
1189 1872 1342 1939 Romani⁰

164 1974 309 2054 luissent,
335 1981 371 2040 ut
395 1997 518 2059 semper
541 1999 607 2041 rem
624 1977 783 2060 publicam
800 1979 1009 2061 separatim¹⁰
1029 2002 1047 2041 a
1063 1978 1180 2062 populo
1198 1979 1343 2044 Romano

163 2079 365 2157 haberent¹¹,
389 2079 547 2146 Cumanos
564 2082 743 2146 Acerranos
761 2082 970 2149 Atellanos¹².
997 2084 1035 2146 L.
1055 2089 1128 2149 142.
1153 2123 1194 2131 —
1214 2086 1342 2149 Muni-

161 2206 263 2268 ceps
287 2187 341 2270 qui
365 2187 397 2249 in
422 2188 595 2271 municipio
617 2188 699 2251 liber
722 2192 817 2251 natus
839 2193 896 2261 est,
920 2189 997 2252 item
1022 2190 1076 2271 qui
1093 2211 1131 2252 cx
1148 2187 1211 2253 alio
1227 2212 1343 2274 genere

162 2288 327 2354 hominum
351 2313 482 2355 munere
505 2291 635 2357 functus
659 2297 716 2370 est,
741 2294 816 2356 item
841 2294 943 2375 quiin
960 2293 1134 2375 municipio
1155 2296 1342 2358 aservitnte

161 2417 194 2458 se
219 2388 371 2460 liberavit
395 2398 597 2480 amunioipe.
634 2395 713 2461 Item
739 2397 914 2481 municipes
937 2403 1029 2462 erant
1051 2399 1106 2482 qui
1122 2420 1160 2461 ex
1176 2398 1247 2462 aliis
1263 2399 1340 2462 civi·

160 2501 280 2564 tatibus
308 2499 442 2566 Romam
467 2503 641 2579 venissent,
675 2503 791 2587 quibus
816 2525 879 2566 nou
902 2502 1019 2568 licebat
1041 2505 1264 2588 magistratum
1287 2527 1340 2568 ca·

161 2627 242 2688 pere,
266 2605 320 2669 sed
346 2610 472 2670 tantum
497 2608 637 2671 muneris
661 2612 795 2690 partem,
819 2612 856 2671 ut
878 2609 1010 2672 fuerunt
1032 2607 1164 2673 Cumani
1188 2608 1340 2673 Acerrani

161 2710 315 2788 Atellani,
341 2711 396 2795 qui
420 2716 451 2775 et
474 2712 558 2775 cives
576 2710 710 2775 Romani
735 2717 826 2777 erant
850 2713 929 2776 etin
946 2713 1070 2798 legione
1086 2713 1261 2789 merebant,
1284 2715 1338 2778 sed

158 2815 334 2901 dignitates
358 2838 420 2879 non
445 2816 622 2898 capiebant.
670 2816 708 2879 P.
732 2822 805 2881 131.

158 2921 191 2985 Μ
203 2945 223 2985 ιι
236 2944 257 2984 ιι
270 2921 280 2984 i
293 2922 363 3004 cip
376 2945 394 2984 a
407 2922 417 2984 l
430 2923 440 2984 i
454 2945 472 2985 a
495 2943 585 2985 sacra
610 2927 773 2998 vocantur,
799 2945 879 3006 quae
902 2924 943 2987 ab
959 2924 1052 2988 initio
1068 2923 1249 2988 habuerunt
1264 2929 1340 2988 ante

159 3027 320 3090 civitatem
350 3025 527 3090 Romanam
562 3033 740 3110 acceptam,
774 3050 854 3111 <puae
886 3028 1053 3093 observare
1086 3053 1137 3093 cos
1168 3030 1340 3094 voluerunt

156 3131 325 3213 pontifices
364 3136 396 3195 et
434 3152 470 3195 eo
511 3153 598 3196 more
632 3136 752 3210 lacere,
791 3155 853 3214 quo
888 3133 1111 3198 adsuessent¹³
1148 3135 1335 3219 antiquitus.

158 3235 195 3300 F.
221 3235 327 3299 157.¹⁴

157 3341 462 3423 Municipium
487 3342 518 3405 id
542 3363 642 3425 genus
667 3341 831 3405 hominum
861 3343 990 3420 dicitur,
1025 3343 1175 3425 quicum
1202 3341 1336 3406 Romam

157 3446 324 3522 venissent,
350 3469 451 3529 neque
475 3448 559 3510 cives
587 3444 723 3510 Romani
747 3454 860 3522 essent,
887 3449 1057 3532 participes
1085 3454 1190 3512 tamen
1207 3448 1338 3511 fuerunt

156 3561 328 3572 ---—-—.
338 3567 360 3573 ,-

226 3603 251 3668 1)
270 3602 335 3656 baec
353 3621 385 3656 ec
405 3603 501 3656 Paulo.
521 3632 555 3640 -
575 3603 602 3671 2)
628 3602 713 3655 Varro
731 3603 806 3670 aliud
819 3603 906 3658 Macr.
925 3610 974 3657 snt.
996 3607 1114 3670 1,16,18:
1133 3603 1253 3657 muudus
1272 3620 1334 3657 eum

154 3690 247 3756 patet,
274 3688 389 3744 deorum
409 3689 533 3743 tristium
553 3692 638 3758 atqua
657 3689 779 3747 inferum
798 3692 879 3758 quasi
898 3691 985 3745 ianua
1005 3696 1093 3761 patet.
1130 3691 1283 3761 Propterea
1301 3721 1334 3730 -

154 3775 291 3843 proelium
307 3777 454 3840 committi,
465 3808 499 3817 -
510 3794 623 3832 uxorem
637 3777 756 3831 liberum
769 3779 992 3846 quaerendorum
1006 3797 1092 3833 causa
1107 3780 1214 3841 ducere,
1224 3779 1336 3848 religio·

154 3880 214 3916 sum
233 3865 277 3916 est
305 3894 337 3903 -
356 3865 383 3934 3)
403 3883 488 3933 qnam
508 3865 578 3917 libri.
601 3895 627 3903 -
651 3866 678 3931 4)
697 3864 756 3920 floci
771 3865 804 3928 G,
824 3864 916 3921 floccio
931 3867 972 3920 M.
992 3898 1024 3905 -
1039 3870 1066 3934 5)
1080 3866 1294 3936 municipaliter
1304 3868 1333 3935 Q.

156 3979 184 3989 —
205 3952 232 4019 6)
252 3951 375 4008 municio
397 3953 431 4006 R.
452 3983 480 3992 -
505 3952 532 4021 7)
552 3955 674 4006 inserunt
692 3953 741 4006 boc
756 3954 813 4006 loco
825 3955 904 4007 acrba
917 3953 985 4007 ilem
997 3955 1151 4023 municipes
1165 3985 1197 3993 —
1212 3954 1334 4009 muueris

152 4042 324 4106 parternum
343 4040 430 4094 Paulo
449 4041 558 4108 scilicet,
581 4041 644 4095 Set
662 4042 719 4094 edd.
749 4073 784 4081 -
802 4042 830 4110 8)
849 4042 977 4096 servilius
997 4042 1018 4096 S
1026 4044 1056 4112 (l,
1083 4061 1135 4098 ser.
1154 4043 1226 4097 filius
1246 4043 1281 4096 R.
1303 4073 1332 4082 -

152 4127 180 4193 9)
200 4125 248 4181 Bo.
269 4143 319 4182 om.
340 4128 391 4196 QR
419 4159 451 4168 -
473 4129 515 4195 10)
534 4132 696 4198 separatum
716 4129 745 4198 Q.
761 4159 789 4170 -
815 4132 858 4194 11)
877 4130 1022 4184 habebant
1042 4130 1075 4183 a.
1098 4162 1124 4169 -
1151 4132 1193 4194 12)
1212 4133 1333 4184 inserunt

152 4213 201 4265 boc
219 4214 276 4266 loco
294 4213 343 4282 qui
364 4230 451 4282 acqua
471 4214 544 4270 cives
562 4246 596 4254 —
618 4234 671 4270 nou
691 4216 849 4286 capiebant,
869 4235 902 4271 eu
923 4219 1011 4272 Panlo
1029 4219 1136 4284 scilicet,
1156 4218 1215 4286 (με
1227 4218 1283 4271 edd.
1299 4248 1333 4257 —

154 4298 197 4366 13)
215 4297 372 4354 adfuissent
391 4302 455 4369 cod,
475 4320 543 4355 corr.
557 4305 735 4372 Arioustirrus.
758 4334 791 4342 -
814 4305 859 4372 14)
880 4304 911 4359 P.
925 4309 973 4358 156
994 4306 1065 4358 laune
1084 4306 1171 4359 locum
1188 4307 1227 4359 ita
1241 4306 1335 4359 habet:

151 4385 335 4454 municipalia
355 4404 434 4441 sacra
453 4390 637 4452 vocabantur,
659 4407 733 4459 quae
753 4398 819 4445 ante
838 4391 933 4447 urbem
955 4393 1097 4448 conditam
1118 4393 1291 4449 colebantur.
