2992 5040
157 309 202 372 20
701 308 806 364 Festus.

159 491 262 565 eninr,
296 511 377 569 uriae
405 513 424 552 u
450 490 529 553 duee
552 490 678 572 σφω’]
711 511 776 554 non
799 491 873 567 sint,
904 492 943 554 ad
967 491 1075 556 aedem
1098 490 1198 556 lovis¹
1222 490 1347 558 Feretri

159 595 246 678 poni,
269 595 455 659 testimonio
478 616 547 658 esse
579 593 678 658 libros
702 595 898 678 pontificum,
921 597 955 660 in
978 596 1095 681 quibus
1109 599 1165 662 sit:
1189 597 1264 662 ‘Pro
1279 599 1346 682 pri·
1377 604 1380 611 “

159 701 219 764 mis
242 699 353 782 spoliis
378 697 490 776 bove⁸‚
524 721 582 783 pro
605 699 752 763 secundis
775 700 1021 779 solitaurilibus,
1050 724 1109 786 pro
1131 703 1236 768 tertiis
1259 726 1346 787 agno

159 803 301 888 publice‘
326 804 396 868 fieri
420 804 566 871 debere':
598 825 665 867 esse
687 804 783 868 etiem
809 804 945 888 Pompili
969 807 1070 891 regis⁶
1094 809 1196 893 legem
1219 810 1345 893 opimo·

159 933 228 974 rum
260 910 435 993 spoliorum
469 908 586 973 talem:
620 907 728 972 ‘Cuius
763 910 904 993 auspicio
927 911 1027 976 classe
1048 914 1213 996 procincta
1235 916 1343 998 opima

158 1015 262 1100 spolia
283 1015 467 1096 capiuntur,
492 1010 560 1075 lovi
577 1011 722 1076 Feretrio
738 1014 843 1077 darier
858 1021 1015 1098 oporteat,
1030 1021 1064 1081 et
1079 1017 1191 1082 bovem
1207 1019 1344 1095 caedito,

158 1121 214 1206 qui
237 1122 322 1204 cepit
344 1119 426 1184 aeris
449 1116 514 1187 CC:
549 1118 687 1182 secunda
714 1119 834 1202 spolia,
866 1121 899 1183 in
923 1120 1038 1186 Martis
1060 1145 1147 1187 aram
1170 1122 1206 1187 in
1228 1146 1345 1207 campo

156 1224 350 1291 solitaurilia
382 1230 456 1288 utra
491 1223 629 1287 voluerit
659 1224 803 1297 caedito;
837 1227 932 1290 tertia
955 1225 1067 1310 spolia,
1091 1225 1183 1291 lanui
1207 1227 1345 1302 Quirino

157 1352 276 1415 agnum
300 1350 419 1394 marem
444 1328 580 1405 caedito,
604 1327 628 1392 G
653 1327 709 1412 qui
732 1329 852 1411 ceperit
875 1351 913 1393 ex
937 1353 1010 1395 aere
1031 1331 1116 1396 dato.
1162 1330 1263 1396 Cuius
1284 1356 1343 1397 au·

156 1436 256 1520 spicio
280 1441 383 1517 capta,
408 1434 456 1498 dis
480 1434 644 1516 piaculum
667 1433 782 1497 dato.'⁸
827 1435 864 1497 L.
890 1440 961 1500 1811.
986 1440 1058 1501 189.

157 1538 352 1624 Optima⁷
377 1539 444 1602 lex
469 1588 500 1604 ..
526 1539 559 1601 in
582 1538 740 1624 magistro
762 1539 869 1621 populi
895 1539 1050 1615 faciendo,
1073 1543 1129 1626 qui
1151 1542 1251 1627 vulgo
1273 1545 1340 1607 dic·

159 1652 251 1711 tatur
273 1644 464 1728 appellatur,
488 1665 583 1727 quam
608 1642 826 1728 plenissimum
849 1649 956 1727 posset
971 1646 1020 1709 ius
1035 1646 1102 1710 eius
1117 1668 1194 1725 esse,
1213 1648 1343 1733 signiti-

155 1750 307 1816 cabatur⁸
333 1774 390 1821 -;
423 1749 613 1832 postquam⁰
647 1771 720 1813 vero
744 1751 927 1831 provocatio
959 1751 1061 1815 abeo
1083 1753 1276 1836 magistratu
1299 1755 1341 1817 ad

157 1857 311 1941 populum
336 1855 446 1919 data¹⁰
471 1860 530 1929 est,
561 1876 642 1937 quae
664 1861 738 1917 ante
764 1876 827 1916 non
851 1861 930 1932 erat,
955 1856 1092 1919 desitum
1115 1865 1164 1921 est
1186 1858 1269 1922 adici
1292 1862 1342 1922 ‘ut

156 1959 294 2045 optima²
319 1961 400 2043 lege,
424 1964 537 2043 utpote
562 1959 733 2021 imminuto
756 1959 825 2021 iure
847 1960 990 2042 priorum
1014 1961 1253 2046 magistrorum.
1299 1965 1341 2028 1..

155 2070 229 2130 198.
254 2102 295 2112 -
322 2063 379 2128 ‘Ut
401 2064 457 2148 qui
481 2065 645 2146 optima
668 2063 739 2148 lege
756 2063 885 2126 luerint'
909 2063 991 2127 adici
1006 2066 1097 2143 solet,
1120 2088 1191 2130 cum
1207 2069 1340 2152 quidam

156 2173 363 2258 magistratus
386 2173 535 2232 creantur
559 2216 616 2231 ...
664 2168 702 2230 L.
726 2171 798 2232 189.

156 2275 290 2341 Orare
313 2273 438 2357 antiqui
462 2273 614 2337 dixerunt
638 2294 696 2354 pro
721 2293 833 2355 agere3
859 2274 943 2337 unde
965 2280 998 2337 et
1013 2280 1156 2339 oratores
1170 2296 1339 2341 causarum

156 2385 287 2457 actores,
311 2386 343 2443 et
367 2384 520 2455 oratores,
545 2377 602 2460 qui
626 2397 710 2439 nunc
727 2375 836 2460 legati,
861 2377 945 2460 quod
964 2378 1006 2441 rei
1025 2378 1171 2461 publicae
1186 2381 1340 2446 mandata

154 2491 356 2569 peragerent.
404 2485 539 2548 P.199.
580 2480 651 2562 (Cj.
676 2480 713 2543 L.
737 2480 869 2564 198.¹¹)

155 2588 452 2653 Ordinarium
483 2586 645 2649 homiuem
678 2582 801 2667 Oppius
832 2586 879 2649 ait
901 2587 962 2650 dici
986 2586 1116 2655 solitum
1138 2609 1282 2654 scurram
1305 2596 1347 2655 et·

154 2694 350 2777 improbum,
385 2693 439 2776 qui
463 2690 594 2754 adsidue
617 2690 650 2752 in
675 2688 788 2753 litibus
813 2697 1008 2767 moraretur,
1040 2691 1082 2756 ob
1105 2715 1239 2777 eamque
1261 2716 1339 2759 cau·

154 2822 222 2863 sam
255 2800 288 2862 in
318 2797 430 2861 ordine
461 2800 562 2859 staret
592 2794 777 2857 adeuntium
807 2801 996 2878 praetorem.
1020 2834 1063 2842 —
1086 2798 1125 2862 F.
1152 2802 1226 2863 182.
1265 2798 1339 2879 (Gt.

154 2906 192 2970 L.
216 2910 306 2985 185.)

154 3009 273 3075 Ordo
297 3007 496 3072 sacerdotum
523 3005 711 3068 aestimatur
735 3005 863 3068 deorum
897 3004 1033 3090 [ordina
1056 3014 1091 3070 ut
1113 3004 1208 3092 deus]
1232 3009 1336 3072 maxi·

153 3138 223 3179 mus
247 3117 388 3199 quisque.
436 3112 599 3177 Maximus
624 3110 750 3173 videtur
774 3133 839 3187 rex,
863 3111 935 3173 dein
960 3109 1123 3187 Dialia¹²‚
1154 3110 1337 3194 posthunc

154 3220 321 3297 Martialis,
345 3223 462 3302 quarto
486 3217 555 3280 loco
575 3215 763 3294 Quirinalis,
788 3216 901 3300 quinto
926 3216 1071 3299 pontifex
1095 3217 1270 3295 maximus;
1292 3254 1336 3264 —

154 3326 296 3407 pontifex
327 3324 499 3399 maximus,
534 3320 660 3404 quod¹³
688 3320 781 3384 iudex
805 3324 902 3404 atque
925 3321 1045 3386 arbiter
1067 3321 1206 3386 habetur
1227 3344 1336 3387 rerum

153 3429 331 3493 divinarum
354 3427 637 3509 humanarumque.
683 3427 721 3489 L.
744 3430 817 3488 185.

154 3532 389 3598 Osculana
420 3555 576 3617 pugna
608 3534 641 3593 in
665 3531 846 3615 proverbio,
880 3553 943 3615 quo
966 3532 1210 3617 significabatur
1233 3532 1338 3596 victos

33 3654 37 3659 '
154 3639 286 3713 vincere,
311 3674 362 3701 -.
403 3636 612 3719 Significatur
635 3639 778 3700 etiam¹⁴
805 3636 953 3699 osculo
977 3636 1158 3715 savium¹⁶‚
1183 3637 1335 3720 -quod

156 3786 358 3794 --ι

225 3865 249 3933 1)
267 3865 372 3917 luctum
391 3866 500 3933 siquam
520 3864 579 3932 QR.
619 3862 660 3929 Cf.
681 3862 835 3929 Haletem,
855 3860 955 3914 Philol.
975 3864 1051 3922 18411,
1070 3864 1216 3915 331-339.
1243 3891 1275 3901 -
1304 3863 1338 3929 2)

150 3952 194 4005 ins
212 3952 243 4020 Q.
272 3982 304 3990 -
332 3953 361 4021 8)
380 3951 480 4005 bovem
501 3951 626 4004 traditur.
656 3980 688 3988 -
717 3952 747 4011 4)
766 3963 846 4000 sacru
864 3949 914 4001 ius.
934 3947 968 4001 R.
999 3978 1029 3986 -
1055 3950 1084 4015 5)
1102 3946 1234 4018 compelli
1252 3964 1336 4017 rages
1411 3933 1416 3940 ’

152 4039 277 4093 traditur.
300 4070 332 4078 -
351 4039 379 4107 6)
398 4038 444 4092 sie
455 4040 521 4092 libri
527 4059 540 4108 ,χ
554 4038 763 4092 munidats'ouem
781 4053 804 4089 c.
818 4041 878 4087 torn.
894 4035 913 4087 1
924 4052 953 4102 p.
965 4038 1035 4101 8,4.9
1053 4053 1079 4088 u.
1089 4042 1112 4089 1.
1131 4066 1165 4074 -
1184 4036 1211 4104 7)
1231 4035 1333 4106 Opima

152 4127 187 4181 R.
208 4157 238 4166 -
258 4127 286 4195 8)
306 4127 378 4194 sign.
398 4142 456 4179 esse
475 4126 509 4178 R.
530 4155 564 4163 -
587 4127 614 4192 9)
634 4126 851 4192 propterquam
873 4123 1006 4188 traditum
1024 4123 1124 4178 emend
1143 4125 1216 4192 Aac.
1233 4152 1268 4162 —
1290 4124 1337 4193 18)

151 4214 230 4268 dicta
248 4214 376 4267 truditur.
397 4243 429 4251 —
452 4214 493 4282 ll)
513 4212 592 4265 Festi
609 4213 696 4264 locum
714 4210 888 4277 descriptores
905 4210 1105 4277 perturbarunt.
1143 4208 1185 4278 Cf.
1201 4208 1335 4265 Oratores

152 4301 188 4356 F.
202 4305 260 4355 182,
280 4332 314 4340 -
337 4301 378 4369 12)
397 4299 498 4354 deinde
511 4300 572 4352 alus
591 4304 623 4367 Q.
643 4329 676 4337 -
698 4300 744 4366 13)
762 4297 940 4365 maximoque
953 4298 982 4365 Q.
998 4327 1027 4335 -
1045 4299 1089 4365 14)
1100 4296 1242 4366 significat
1254 4299 1283 4351 et
1296 4296 1335 4351 R.

152 4419 185 4429 -
205 4391 248 4457 15)
266 4389 389 4445 osculum
409 4389 538 4443 suauium
559 4388 592 4441 R.
