2992 5040
161 332 226 398 204
600 329 700 384 Edicta
717 333 888 400 praetorum.

162 507 249 589 prius
272 507 401 571 domum
425 507 607 572 derrantiari
628 506 754 571 iubeam
779 557 863 572 ....
888 505 926 571 lu
951 531 1023 573 eum
1046 510 1101 593 qui
1125 510 1206 593 qnid
1223 532 1347 583 eorum,

161 633 243 695 qnae
265 633 362 695 supra
384 612 504 694 scripta
526 616 611 688 sunt,
636 632 699 675 non
724 613 892 689 curaverit,
917 614 1028 696 quanti
1055 636 1091 677 ea
1105 635 1156 677 res
1172 619 1229 691 est,
1256 614 1346 679 cuius

162 716 269 781 damni
292 716 403 783 infecti
427 716 556 781 nomine
578 720 706 781 cautum
731 739 793 781 non
819 719 889 796 erit,
914 718 1065 782 indicium
1090 718 1226 803 (dobo)¹.

248 822 278 886 d.
315 821 361 885 De
386 819 560 908 fugitivis².

248 949 273 989 e.
311 925 361 991 lle
382 927 561 990 ¹roau'mom'o
587 927 723 991 Roumm
745 926 917 1005 serviendo&

246 1032 276 1094 2.
313 1030 362 1095 De
384 1032 453 1095 albo
477 1033 651 1113 cor-rupto⁴.

261 1137 290 1201 3.
328 1137 419 1213 Quod
443 1138 579 1221 quisque
602 1137 680 1201 iuris
704 1137 737 1200 in
759 1139 896 1201 alterum
912 1136 1071 1213 statuerit,
1096 1142 1132 1200 ut
1146 1138 1218 1220 ipse
1233 1141 1344 1204 eodem

160 1243 228 1307 inre
253 1240 387 1306 utatur⁵.
434 1241 496 1316 oui
519 1243 743 1326 magistratum
777 1246 1009 1325 potestatemve
1032 1240 1182 1319 habebit,
1215 1245 1242 1306 si
1267 1245 1343 1328 quid

159 1347 193 1410 in
218 1347 356 1431 aliquem
386 1346 462 1410 novi
485 1346 564 1410 iuris
587 1346 739 1409 statuerit
762 1345 825 1409 sine
848 1346 920 1429 quis
944 1347 1027 1430 apud
1053 1367 1134 1425 eum,
1162 1349 1217 1432 qui
1240 1351 1345 1433 magi-

160 1456 298 1516 stratum
310 1457 541 1536 potestatemve
557 1451 700 1527 habebit,
717 1451 837 1535 aliquid
850 1451 926 1514 novi
945 1450 1023 1515 iuris
1036 1451 1223 1531 obtinuerit,
1240 1476 1343 1537 quan·

160 1557 263 1641 doque
295 1563 406 1641 postea
439 1557 621 1623 adversario
645 1556 711 1621 eius
736 1557 920 1640 postulante
942 1556 1046 1640 ipsum
1071 1557 1180 1621 eodem
1203 1557 1273 1622 iure
1297 1561 1345 1623 uti

159 1662 347 1745 oportebitl,
371 1667 595 1747 praeterquam
621 1662 648 1725 si
671 1661 742 1745 quis
766 1683 875 1725 eorum
898 1663 976 1741 quid
998 1666 1110 1725 eontra
1132 1683 1205 1726 enm
1221 1661 1343 1739 fecerit,

161 1767 217 1849 qui
239 1768 438 1858 ipseeorum
462 1767 537 1850 quid
562 1764 717 1829 fecisset⁷.

245 1869 285 1936 Il.
323 1869 379 1934 De
403 1870 572 1935 edendo.
607 1918 766 1934 .......
781 1867 805 1932 ⁸.
844 1869 1055 1953 Argentariae
1078 1892 1206 1935 mensae
1222 1872 1342 1935 exerci-

159 1982 243 2039 tores
273 1977 310 2054 ei,
341 1977 395 2057 ‹pu-i
426 1977 576 2039 izuurarit
607 1997 667 2038 uun
699 1975 875 2039 ualueuniue
905 1995 1000 2037 rausa
1020 1975 1185 2055 postulare
1207 1975 1257 2037 erl-i.
1281 1975 1343 2037 silui

160 2081 315 2144 rationem
339 2103 420 2164 quae
443 2082 483 2145 ad
506 2104 539 2144 se
563 2080 714 2163 pertinet,
740 2079 834 2143 edent
849 2079 972 2142 adiecto
989 2079 1039 2143 die
1055 2085 1087 2142 et
1103 2079 1267 2144 consulel.
1281 2129 1343 2145 ....

160 2187 353 2270 Argentario
386 2189 470 2266 eive,
503 2187 557 2270 qui
587 2187 701 2249 iterum
735 2185 784 2248 edi
809 2183 996 2267 postulabit,
1020 2204 1115 2246 causa
1138 2184 1269 2268 cognita
1293 2185 1342 2249 edi

158 2293 316 2357 iubebo¹⁰.
817 2286 827 2307 ⁸

242 2396 298 2463 Ill.
338 2397 396 2462 De
419 2401 555 2482 pactis
579 2405 619 2463 et
642 2395 1027 2463 conventionibus.
1054 2393 1340 2471 Pactaoonventa,

156 2526 237 2588 quae
259 2526 361 2587 neque
384 2504 456 2567 dolo
481 2505 564 2568 malo
587 2526 689 2588 neque
712 2503 861 2566 adversus
883 2502 971 2586 leges
987 2500 1095 2583 plebis
1112 2500 1191 2564 scita
1207 2505 1343 2566 senatus

157 2608 302 2672 consulta
333 2609 436 2672 edicta
466 2609 584 2673 decretu
615 2609 793 2693 principum
827 2628 929 2690 neque
952 2628 1015 2690 quo
1042 2606 1130 2668 fraus
1153 2607 1204 2670 oni
1228 2628 1341 2671 eorum

158 2712 214 2776 liat
237 2712 321 2777 facta
345 2721 449 2789 erunt,
474 2712 652 2776 sei·vab0¹¹.

128 2887 133 2895 ,
244 2815 299 2881 IV.
337 2816 549 2881 Deinius
582 2814 818 2882 vooanrlo¹⁹.
866 2819 894 2879 l.
929 2815 966 2880 In
991 2816 1040 2879 ius
1065 2816 1179 2885 vocati,
1204 2821 1241 2878 ut
1266 2823 1343 2879 eant

124 2942 127 2949 ’
156 2927 212 2985 aut
237 2923 384 2986 allidimur
408 2922 529 2988 dent¹³.

243 3027 272 3090 2.
307 3025 484 3106 Parentem,
509 3035 681 3112 patronum
706 3037 884 3115 pat-ronam,
910 3030 1026 3093 liberos
1042 3033 1189 3112 parentes
1207 3031 1341 3111 patroni

155 3136 308 3214 patronae
331 3133 363 3195 in
389 3134 438 3196 ius
461 3135 529 3198 sine
554 3136 709 3218 permissu
733 3159 803 3201 meo
827 3158 866 3199 ne
890 3136 961 3219 quis
986 3133 1120 3197 vocet¹⁴.

243 3235 272 3301 3.
304 3287 466 3303 .......
491 3237 525 3302 Si
541 3241 612 3324 quis
632 3246 806 3324 parentem,
832 3245 1003 3324 patronum
1020 3243 1199 3322 patronam,
1218 3238 1338 3302 liberos

155 3347 212 3405 aut
235 3349 380 3425 parentes
404 3346 532 3426 patroni
558 3352 720 3429 patronae,
756 3348 914 3412 liberosve
936 3366 1011 3410 suos
1034 3365 1154 3419 eumve,
1187 3364 1282 3426 quem
1306 3344 1340 3406 in

155 3452 312 3530 potestate
335 3448 476 3527 habebit,
500 3451 550 3514 vel
567 3473 707 3528 uxorein,
732 3452 782 3517 vel
799 3474 914 3515 nurum
939 3452 972 3514 in
988 3449 1073 3513 ius¹⁶
1091 3448 1231 3513 vocabit:
1256 3470 1339 3531 qua·

154 3552 330 3635 liseuinque
354 3553 498 3618 utineam
523 3556 741 3640 accipiatnr¹⁷.

225 3793 252 3863 1)
270 3792 309 3846 D.
327 3798 497 3861 ruamur.
517 3824 552 3834 -
569 3797 598 3862 a)
618 3795 654 3849 1).
673 3800 841 3862 naar-a.
862 3826 893 3836 -
912 3798 940 3866 3)
961 3798 997 3850 1).
1017 3800 1114 3863 2,n,1,·
1127 3800 1231 3863 50‚1o,3
1248 3814 1290 3864 pr.
1304 3826 1339 3836 -

153 3882 182 3943 1)
200 3880 237 3933 1).
256 3884 325 3943 aar
341 3898 384 3949 pr.
404 3912 436 3919 -
455 3882 483 3949 5)
503 3881 587 3935 Rau.
609 3880 643 3934 D.
664 3886 714 3947 aa.
736 3912 770 3921 -
789 3885 816 3949 6)
835 3883 990 3950 1›.5o,1o,s
1005 3901 1049 3951 pr.
1069 3914 1100 3922 -
1122 3885 1148 3949 7)
1166 3883 1204 3936 1).
1226 3886 1339 3950 2.e,1,1;

153 3973 177 4021 4.
206 3968 242 4020 Ε.
264 3969 294 4021 1².
311 3987 338 4036 ρ.
358 3974 399 4022 47.
428 4001 461 4011 -
488 3971 514 4038 8)
534 3969 569 4023 Ε.
595 3971 624 4024 Ρ.
640 3990 668 4038 p.
687 3975 729 4021 aa.
760 4001 792 4008 -
819 3971 1338 4039 9)1).a,13,4pr.at.6,2;aa.-

155 4055 198 4124 10)
217 4055 254 4108 1).
274 4059 393 4121 2,13,6,8.
410 4087 444 4095 -
466 4059 508 4125 11)
530 4059 706 4124 Ι).2,11,7,7.
727 4089 761 4096 —
783 4060 825 4128 12)
845 4060 929 4112 llubr.
952 4061 988 4113 1).
1009 4064 1061 4124 Bal.
1083 4088 1114 4096 —
1138 4060 1180 4120 13)
1199 4057 1285 4110 nau:
1301 4059 1337 4112 D.

152 4144 212 4205 2,6;
231 4141 268 4194 ‘in
286 4144 329 4196 ius
348 4144 442 4198 vocati
460 4148 493 4197 ut
512 4150 580 4198 eant
599 4149 650 4199 aut
668 4147 739 4198 satis
760 4146 805 4198 vel
824 4149 939 4199 cautum
959 4145 1043 4199 dent'.
1085 4145 1126 4213 Os.
1149 4145 1210 4198 ch'.
1231 4145 1283 4198 IV.
1295 4151 1337 4201 46.

153 4260 187 4269 -
208 4230 250 4299 14)
270 4231 307 4283 Ι).
326 4235 429 4297 2,4,4,1.
466 4232 624 4286 Fomulom
642 4234 705 4287 braic
723 4233 807 4287 edicto
827 4234 956 4287 orliectmu
975 4235 1058 4299 refert
1085 4232 1146 4286 Gai.
1168 4233 1187 4285 Ι
1193 4232 1221 4299 V,
1240 4237 1282 4287 46.
1306 4264 1335 4274 -

155 4319 198 4387 15)
219 4318 298 4386 Diu..-
320 4317 463 4372 iudicium.
486 4350 513 4360 -
536 4322 579 4388 16)
599 4321 680 4390 Dia:
699 4321 843 4375 fideiussor
862 4321 965 4376 iudicio
984 4320 1102 4374 sistendi
1121 4336 1214 4374 carisa.
1237 4352 1270 4360 -
1293 4324 1338 4389 17)

153 4406 191 4461 1).
210 4409 319 4471 asae.
