2992 5040
209 320 273 383 252
607 315 760 385 Privilegia
780 318 984 372 veteranorum.

207 494 353 562 mormlmn
372 493 533 561 descriptum
551 498 575 545 ct
592 493 622 545 in
636 491 756 558 formam
773 491 894 560 dmtycbi
909 491 1049 545 reductum
1062 490 1245 561 dabatur,quo
1257 493 1301 546 ius
1312 508 1391 546 sirum

206 581 340 652 probaret.
376 579 407 632 E
422 596 520 648 ruoprra
547 579 676 634 eiusmodi
694 579 872 648 diplomatum
892 578 969 648 copia
983 595 1035 647 per
1052 594 1142 634 omnes
1159 581 1267 648 imperii
1283 581 1392 649 provin·

173 674 175 679 '
209 671 265 724 cias
288 670 408 737 dapmsa
434 668 511 721 bodie
537 673 629 722 estant
647 667 798 721 adventum
816 668 846 720 in
864 667 975 720 diversis
992 666 1145 735 repionibus
1163 673 1275 736 reperta.
1318 667 1394 737 Quae

208 758 259 811 etsi
280 758 471 825 imperatorum
497 761 561 809 sunt
584 773 602 808 a
630 753 743 808 Claudio
767 769 850 822 usque
876 752 913 806 ad
937 751 1148 816 Diocbtianum
1177 770 1237 808 cum
1262 760 1288 808 et
1313 772 1393 824 orpu-

210 849 296 897 mento
314 849 339 897 et
352 843 481 912 forrnalis
498 844 635 897 simillima
652 843 707 896 sint
725 844 796 896 inter
812 858 851 908 se,
878 841 981 909 sufficit
999 840 1114 896 deinum
1131 857 1265 911 perieram,
1293 842 1394 896 scilicet

209 932 310 985 ciuibus
327 931 451 985 datorrnu
470 936 494 983 et
512 931 637 984 datarum
654 931 812 998 pereprr'nrs,
830 931 937 999 sinputa
955 929 1076 998 ercempia
1091 945 1255 999 proponere;
1272 931 1303 984 in
1323 931 1394 984 notis

211 1018 309 1078 adieci,
333 1020 359 1072 si
381 1035 450 1085 quae
472 1024 616 1072 occurrunt
644 1019 759 1070 minores
783 1018 956 1085 differentiae.
975 1044 1010 1055 -
1031 1015 1215 1071 Collectioaem
1232 1016 1317 1070 edidit
1334 1024 1395 1085 post

210 1105 279 1158 aiios
292 1105 478 1173 plenissimam
496 1110 521 1158 et
540 1106 779 1172 accuratissimam,
799 1107 987 1159 commentario
1009 1111 1090 1159 totam
1104 1121 1159 1158 reru
1170 1105 1326 1159 illustrante
1346 1105 1394 1158 ad·

209 1195 283 1258 iacto,
314 1192 369 1246 blo.
389 1195 418 1245 in
438 1192 466 1248 C.
486 1193 509 1246 1.
524 1193 555 1247 L.
575 1196 780 1259 amesa-9195
807 1208 875 1261 quae
902 1193 1049 1260 diplomata
1074 1199 1170 1260 mura
1188 1193 1217 1244 in
1236 1193 1321 1246 lucem
1330 1210 1393 1261 pro·

208 1281 323 1346 dierrrut,
342 1280 414 1334 edita
431 1287 495 1333 siunt
513 1281 546 1332 ab
564 1280 657 1333 codem
677 1281 705 1332 in
726 1279 837 1348 Eplrem.
858 1281 940 1347 epipr.
959 1279 1011 1332 rol.
1030 1282 1109 1332 2.4.5.

482 1430 498 1483 Ι.
527 1429 646 1496 blattina
667 1429 762 1484 nrtlttts
783 1428 930 1496 persanat,
951 1443 976 1484 a.
1000 1428 1027 1483 71
1050 1441 1074 1495 p.
1094 1427 1121 1484 c.

298 1552 328 1604 Ε
344 1552 448 1605 dirabus
472 1551 576 1604 tabellis
595 1552 702 1604 rrlurreis
725 1553 754 1604 in
768 1551 887 1619 formam
905 1551 1027 1619 diptycbi
1042 1552 1165 1616 redactis,
1184 1569 1253 1620 quiae
1274 1552 1393 1606 Salonae

210 1656 278 1694 saec.
299 1639 377 1692 XVI
395 1645 515 1707 repertae
537 1639 614 1692 leodic
638 1638 763 1692 Berolirri
788 1641 817 1692 in
837 1640 993 1694 bibliotheca
1012 1642 1085 1709 reaia
1104 1640 1170 1709 [iam
1188 1643 1218 1694 in
1237 1644 1395 1711 antiquario

210 1729 296 1782 musei
316 1729 384 1796 repit
410 1726 459 1780 Tu.
482 1728 529 1792 Μ.)
558 1727 749 1788 adservantur,
775 1727 823 1779 ubi
838 1727 896 1794 ipre
912 1741 957 1780 eas
976 1727 1109 1796 descripsi.
1150 1726 1191 1796 Cf.
1212 1728 1271 1782 Mo.
1288 1745 1315 1798 p.
1335 1732 1395 1782 853.

211 1814 345 1882 Aequales
361 1820 424 1867 suat
449 1821 473 1868 et
487 1814 581 1883 foruna
599 1820 623 1867 et
642 1814 837 1883 mapnitudine,
865 1830 890 1867 a.
910 1816 1000 1877 0‚167,
1029 1815 1045 1866 l.
1065 1819 1151 1879 0,128.
1190 1816 1245 1886 [De
1256 1818 1352 1884 forma
1370 1824 1394 1870 et

209 1903 392 1972 magnitudine
414 1904 473 1957 cr'de
497 1904 658 1972 exemplaria
685 1903 811 1972 diptpclri,
829 1909 854 1956 ct
872 1903 1006 1971 triptpcbit
1024 1920 1093 1971 quac
1111 1903 1174 1956 bnic
1191 1902 1305 1957 editioni
1323 1920 1394 1958 acee-

210 1990 306 2059 duntlz
334 1991 467 2056 Orbiculi,
487 1993 583 2059 quibus
608 1992 712 2044 litterae
730 2009 755 2050 a,
775 1990 801 2048 b.
820 2006 844 2051 c,
863 1989 880 2042 d
900 1990 1053 2058 adscriptae
1071 1997 1149 2052 sunt,
1175 1991 1246 2044 locos
1264 1990 1395 2047 iudicant.

210 2079 307 2146 quibus
334 2079 440 2132 tabidae
459 2079 616 2148 perforatae
640 2085 713 2130 scint.
751 2077 804 2130 Per
816 2078 960 2144 foramina
980 2077 998 2130 b
1016 2084 1041 2131 et
1061 2077 1077 2129 d
1097 2078 1146 2142 fila
1163 2078 1265 2132 abenea
1284 2078 1309 2146 le
1328 2085 1352 2132 ct
1370 2078 1395 2141 f)

212 2167 293 2220 ducta
312 2173 384 2231 sant,
403 2167 501 2235 quibus
519 2167 626 2221 tabulae
649 2167 688 2218 ita
714 2165 954 2233 caniunpebantur‚
979 2171 1010 2218 ut
1033 2166 1117 2219 libelii
1133 2166 1247 2219 duorum
1264 2166 1396 2233 folionum

211 2257 266 2308 sive
283 2261 411 2322 quattuor
426 2256 589 2323 popinarum
608 2254 696 2306 instar
715 2256 812 2315 esserra
831 2252 967 2304 contiueat
979 2258 1067 2305 autem
1077 2254 1225 2321 popinae2
1242 2257 1268 2306 et
1279 2258 1296 2306 3
1309 2256 1395 2323 scrip-

211 2349 301 2396 tauram
315 2344 478 2411 rainiariam
497 2339 657 2407 curulemque
674 2340 835 2402 interiorem,
851 2338 985 2405 popinas
1001 2341 1165 2406 scripturam
1183 2343 1340 2394 citeriorem
1352 2358 1395 2395 ac-

212 2439 303 2483 curate
320 2447 353 2482 cr
371 2431 496 2482 interiore
513 2429 658 2495 repetitam,
676 2428 804 2495 pupinal
821 2427 899 2494 siqua
918 2432 942 2479 et
953 2427 1121 2495 sipnatorum
1138 2429 1257 2485 uoruina.
1296 2429 1396 2483 Clausa

211 2519 311 2572 scilicet
330 2518 417 2571 libello
435 2534 483 2584 per
496 2516 638 2584 foramina
658 2533 675 2568 n
693 2521 745 2568 etc
763 2516 862 2583 triplex
881 2516 910 2580 (i.
920 2531 940 2567 c.
961 2516 1104 2584 tripliciter
1115 2518 1227 2581 taturi)
1245 2514 1323 2581 filum
1335 2516 1398 2569 abe·

211 2622 288 2659 neuun
307 2605 464 2664 ducebatur,
493 2606 538 2658 cui
556 2603 680 2670 collipato
705 2604 734 2654 in
751 2604 854 2671 popina
873 2607 888 2654 1
904 2604 982 2671 siano
1000 2620 1018 2656 a
1035 2608 1131 2671 septem
1149 2604 1259 2658 testibus
1277 2605 1395 2673 impone-

211 2693 310 2745 bant-ur·
333 2692 484 2744 uorur'nibus
502 2692 625 2758 bipartito
647 2689 798 2758 adscriptis.
838 2691 904 2743 Cum
922 2691 1033 2743 similem
1047 2690 1167 2758 formum
1186 2692 1266 2744 etiam
1284 2692 1313 2744 in
1334 2708 1395 2745 corr-

211 2785 344 2833 tructuum
369 2785 393 2831 et
417 2784 633 2831 testamentorum
661 2778 759 2830 tabidis
778 2778 872 2845 lr'pneis
890 2780 985 2832 ceratis
1003 2784 1099 2831 veteres
1118 2778 1322 2845 observaverint,
1342 2781 1398 2833 nisi

211 2866 283 2936 quod
299 2866 358 2933 filis
382 2866 470 2919 linteis
488 2867 515 2917 ia
536 2867 571 2918 iis
591 2867 744 2925 utebantur.
763 2867 919 2920 illustratur
936 2867 998 2920 inde
1017 2868 1090 2921 locris
1110 2866 1189 2920 Paul.
1209 2873 1274 2920 sent.
1292 2871 1396 2935 5,25,6:

213 2953 280 3008 ordo
306 2953 429 3006 decrevit
450 2953 618 3007 -tabulas
641 2984 669 2991 -
689 2954 732 3006 ita
751 2953 869 3022 signari,
895 2957 927 3007 nt
948 2954 977 3007 in
996 2971 1106 3008 summa
1125 2955 1262 3023 marginis
1280 2955 1317 3008 ad
1339 2972 1394 3009 me·

211 3039 286 3093 diam
306 3042 416 3108 purtem
436 3039 600 3109 perforatae
621 3041 727 3111 triplici
748 3041 805 3095 lino
824 3042 1065 3111 constringantur,
1086 3046 1172 3112 atque
1184 3043 1335 3112 impositae
1350 3060 1395 3096 su·

211 3145 263 3197 pra
283 3126 372 3180 linum
392 3144 470 3182 cerae
489 3128 572 3197 signa
591 3129 803 3198 imprimantur,
823 3133 855 3182 ub
869 3128 1000 3184 exteriori
1013 3129 1169 3198 scripturae
1183 3129 1264 3183 fidem
1275 3129 1395 3185 interior

210 3217 309 3269 servet.
349 3214 389 3283 Cf.
410 3214 482 3270 Suet.
504 3216 568 3270 Ner.
588 3221 628 3269 17.

300 3331 379 3415 Imp.
405 3330 520 3395 Caesar
535 3329 751 3414 Vespasianus
771 3333 866 3416 Aug„
892 3336 979 3414 poni.
1005 3330 1051 3414 (²)
1076 3353 1170 3407 sarx,
1203 3331 1394 3415 sr.p0t.11‚

211 3437 385 3518 imperator
399 3435 455 3513 VI,
479 3459 508 3519 p.
527 3459 568 3518 p.,
593 3458 654 3499 cos.
672 3434 730 3514 ΙΙΙ,
755 3435 854 3520 desig.
873 3436 921 3520 (⁸)
939 3424 1018 3513 llll,
1030 3435 1219 3508 veteranis¹,
1237 3436 1291 3519 qui
1309 3437 1395 3500 mili-

210 3540 375 3605 iaverunb²
405 3541 438 3604 in
474 3540 520 3625 (⁴)
552 3541 653 3604 classe
676 3538 864 3605 Rauennate
887 3542 946 3604 sub
970 3541 1041 3606 Sex.
1066 3541 1188 3606 Lucilio
1211 3538 1322 3619 Basso,
1347 3542 1394 3625 (⁵)

211 3648 265 3730 qui
295 3669 370 3711 sena
400 3652 432 3711 eb
453 3646 582 3710 vicena³
607 3646 767 3730 stipendia
790 3650 846 3710 aui
869 3647 962 3729 plura
986 3647 1033 3730 (⁶)
1059 3650 1242 3712 mernerunt
1264 3651 1297 3709 et
1319 3655 1396 3710 sunt

210 3751 334 3816 deducti
359 3753 391 3815 in
416 3749 695 3833 Pann0(l)nian1⁴,
722 3774 856 3834 quorum
882 3753 1011 3816 nomina
1033 3752 1213 3834 subscripta
1237 3750 1284 3835 (³)
1309 3757 1393 3829 suni,

294 3889 319 3955 rr
340 3861 455 3943 arara
473 3890 555 3958 arpa:
573 3889 715 3958 equitibus
735 3894 763 3944 rs
784 3889 926 3959 persana
946 3891 985 3944 ra
1004 3891 1166 3945 trierarchus
1184 3893 1214 3944 a
1232 3890 1394 3958 remigibus,

210 3979 250 4032 vel
269 3976 400 4031 classicis.
435 4004 466 4016 -
493 3977 521 4043 2)
541 3976 574 4029 ln
593 3977 670 4030 aliis:
698 3976 744 4045 qui
767 3976 902 4029 militant.
933 4007 962 4014 —
983 3978 1011 4045 3)
1031 3977 1065 4030 In
1083 3977 1201 4031 classicis
1218 3978 1395 4030 nominantur

209 4065 343 4133 stipendia
358 4064 417 4116 XX
427 4064 466 4116 l'l
478 4066 635 4132 (posteriore
647 4069 734 4116 aetate
744 4062 908 4128 XXVIII),
922 4065 950 4115 in
961 4063 1092 4116 nrilitibns
1103 4062 1287 4117 arimliarubus
1298 4063 1394 4130 XXV,

209 4155 239 4205 in
258 4153 411 4220 lepionarirs
432 4151 500 4215 XX,
526 4154 555 4203 in.
572 4152 757 4219 praetorianis
778 4150 860 4203 XVI.
889 4180 920 4190 -
949 4151 976 4220 4)
996 4152 1029 4204 lu
1048 4152 1123 4204 aliis:
1153 4154 1183 4206 et
1200 4153 1268 4204 siunt
1286 4149 1394 4204 dimissi

209 4240 328 4295 honesta
348 4238 486 4301 missione,
511 4241 551 4291 vel
570 4238 695 4292 emeritis
714 4241 743 4291 et
763 4237 884 4291 dimissis
904 4239 970 4292 hon.
989 4239 1076 4300 miss,
1094 4239 1135 4292 uel
1153 4240 1316 4293 coniunctim
1334 4256 1393 4293 cum

209 4328 392 4396 scqrceutibus:
417 4326 564 4380 honestam
589 4324 748 4379 missionem
768 4325 959 4380 vicinitatem
980 4325 1073 4386 dodim
1092 4327 1121 4378 in
1139 4327 1203 4380 alius
1221 4332 1327 4380 autem:
1345 4326 1394 4395 qui

210 4414 347 4478 militant,
367 4444 399 4453 -
419 4415 487 4468 item
508 4413 629 4466 dimissis
649 4414 715 4469 hon.
738 4414 813 4468 miss.
