2992 5040
200 315 224 377 4
740 319 847 384 Festus,

204 491 257 552 Au
270 490 300 553 ri
312 490 360 554 ch
372 492 465 555 alcu
480 516 509 555 m
535 494 584 557 vel
609 494 803 559 orichalcum
828 495 957 578 quidam
983 497 1098 577 putant
1114 494 1327 577 compositum
1343 517 1378 558 ex

203 615 275 656 aere
305 599 337 658 et
359 618 451 671 auro,
485 597 552 661 sive
575 599 658 682 quod
683 600 821 664 colorem
845 599 964 663 habeat
986 620 1136 673 arrreum;
1169 597 1381 664 orichalcum¹

203 720 279 762 sane
309 699 444 778 (licitur,
477 704 552 784 quia
582 704 615 768 in
639 705 817 769 montuosis
840 705 918 769 locis
941 705 1118 778 insanitum
1152 726 1243 768 mons
1267 704 1382 768 etenim

204 801 322 866 Graece
346 805 418 883 ὄρος
443 808 651 889 appellatur².
701 812 739 874 P.
765 816 793 874 9.

203 906 385 971 Bustum
409 912 537 993 proprie
561 914 679 978 dicitur
703 913 802 987 locus,
826 916 858 977 in
883 937 946 998 quo
970 919 1114 978 mortuus
1138 920 1186 979 est
1201 916 1384 980 combustus

204 1016 236 1074 et
266 1013 423 1095 sepultus,
459 1015 639 1102 diciturque
671 1020 802 1083 bustum
833 1020 923 1102 qnasi
957 1018 1036 1083 bene
1064 1020 1203 1096 ustnm⁸,
1233 1020 1289 1083 ubi
1313 1042 1384 1084 vero

203 1117 388 1183 combustus
420 1119 491 1202 quis
515 1123 754 1199 tantummode,
786 1123 863 1186 alibi
891 1147 962 1187 vero
986 1129 1034 1188 est
1056 1124 1214 1207 sepultus,
1247 1126 1274 1188 is
1299 1124 1384 1189 locus

203 1222 244 1285 ab
268 1224 387 1287 nreudo
411 1227 552 1289 ustrina⁴
577 1231 722 1299 vocatur:
749 1230 801 1291 sed
827 1229 920 1291 modo
945 1226 1056 1291 busta⁵
1080 1230 1227 1312 sepulcra
1242 1230 1384 1313 appellu-

206 1349 284 1391 mns.
335 1330 370 1391 P.
395 1335 449 1393 32.

204 1431 525 1498 caduceatores
558 1434 657 1518 legati
693 1458 800 1519 parem
833 1443 986 1519 petentes
1033 1439 1113 1502 Cato
1138 1436 1385 1511 ‘carluceatori'⁶,

205 1539 321 1622 inquit,
347 1546 449 1603 ‘nemo
474 1540 587 1603 lromo⁷
612 1545 705 1604 nocet
720 1540 743 1604 ⁸.
793 1542 830 1605 P.
853 1548 905 1605 47.
976 1620 977 1627 ἵ

206 1643 422 1707 Caelibari
448 1645 541 1708 hasta
564 1650 661 1728 caput
686 1646 837 1708 nubentis
861 1647 1062 1722 oculebatur,
1095 1648 1232 1730 quaein
1256 1667 1387 1729 corpore

206 1750 395 1833 gladiatoris
419 1751 561 1813 stetisset
586 1751 700 1814 abiecti
719 1751 887 1832 occisique,
905 1756 941 1813 nt
958 1751 1223 1834 quemadmodum
1239 1748 1297 1813 illa
1312 1771 1387 1814 con·

205 1856 314 1918 iuncta
347 1855 445 1918 fuerit
475 1877 546 1918 cum
579 1876 710 1937 corpore
738 1854 943 1937 gladiatoria,
976 1856 1020 1918 sie
1048 1856 1120 1938 ipsa
1142 1878 1213 1919 cum
1238 1855 1307 1918 viro
1330 1855 1386 1921 sit:

206 1959 256 2023 vel
279 1960 354 2043 quia
377 1966 543 2023 matronae
567 1958 715 2023 Iunonis⁹
742 1959 860 2024 Curitis
884 1961 916 2022 in
940 1960 1042 2022 tutela
1064 1961 1139 2037 sint,
1163 1981 1245 2043 qnae
1268 1959 1316 2022 ita
1331 1982 1387 2041 ap·

207 2065 388 2150 pellabatur
412 2090 430 2128 a
454 2065 585 2129 ferenda
608 2065 713 2141 hasta,
738 2088 819 2147 qnae
844 2066 955 2149 lingua
978 2063 1168 2128 Sabinorum
1189 2064 1293 2127 ‘curis'
1310 2063 1388 2126 dici·

205 2177 276 2247 tur3
300 2209 340 2217 —
366 2171 414 2234 vel
439 2172 522 2254 quod
548 2171 685 2253 nuptiali
711 2171 779 2232 iure
802 2170 938 2252 imperio
963 2169 1023 2231 viri
1039 2167 1230 2233 subicitur¹⁰
1255 2168 1387 2239 nubens,

205 2277 281 2360 quia
312 2276 405 2340 hasta
436 2299 561 2340 summa
592 2297 752 2338 armorum
777 2280 809 2337 et
833 2275 958 2357 imperii
982 2279 1043 2337 est:
1076 2296 1171 2356 quarn
1195 2273 1236 2337 ob
1260 2294 1387 2336 causam

205 2417 247 2428 -
272 2383 390 2465 captivi
413 2382 473 2444 snb
498 2382 605 2445 eadem
630 2386 768 2443 veneunt
790 2388 859 2445 crtl.
909 2381 944 2443 P.
967 2385 1019 2443 62.

207 2486 372 2549 Celeres
397 2487 523 2570 antiqui
548 2488 698 2549 dixerunt
721 2506 801 2568 quos
825 2507 910 2547 nunc
930 2485 1052 2568 equites
1068 2484 1211 2559 dicimus,
1236 2482 1388 2555 aCelere.

206 2592 412 2655 interfectore
445 2590 555 2668 ltemi,
588 2591 644 2674 qni
674 2591 768 2654 initio
794 2614 812 2653 a
836 2589 973 2654 Romulo
996 2590 1062 2653 iis¹¹
1086 2589 1287 2672 praepositus
1311 2588 1388 2664 suin

206 2697 261 2779 qui
285 2698 434 2779 primitus
458 2699 549 2761 electi
573 2699 704 2760 fuerunt
727 2719 764 2759 ex
790 2696 927 2777 singulis
951 2695 1047 2759 curiis
1063 2694 1146 2769 deni,
1170 2694 1306 2778 ideoque
1321 2716 1389 2758 0111·

207 2803 283 2864 uiuo
307 2803 440 2866 trecenti
465 2804 561 2867 inere.
611 2803 647 2865 P.
673 2808 724 2866 55.

207 2906 420 2971 (lenticula
443 2908 602 2984 dicuntur,
628 2909 665 2971 ad
689 2911 797 2990 quae¹¹
821 2905 914 2969 scalis
937 2904 1127 2969 ascenditur.
1176 2903 1213 2967 P.
1238 2906 1319 2967 54³³

207 3010 361 3076 (lensio
389 3012 585 3077 hasteria
617 3013 797 3088 dicebatur,
831 3033 904 3073 cum
933 3009 1028 3073 militi
1055 3007 1173 3071 inultae
1196 3007 1325 3072 nornine
1348 3008 1389 3071 ob

206 3117 356 3181 delictum
381 3119 519 3183 militare
544 3117 779 3193 indicebatur¹⁴,
805 3118 888 3198 quod
913 3116 1023 3179 hastas
1047 3116 1147 3179 daret.
1197 3112 1233 3175 P.
1257 3116 1311 3177 54.

207 3221 387 3287 Geusiou
402 3247 459 3288 em
484 3224 588 3289 facere
611 3223 776 3288 dicebatur
800 3242 924 3298 censor,
960 3242 1031 3282 cum
1055 3216 1190 3282 multam
1214 3217 1315 3300 equiti
1338 3217 1389 3280 iu·

207 3329 378 3410 rogabat¹⁶.
427 3332 465 3393 P.
491 3337 541 3393 54.
1091 3328 1096 3340 '

206 3432 409 3498 Censores
433 3436 519 3510 dicti,
544 3435 628 3518 quod
653 3455 718 3497 rem
742 3455 832 3495 suam
857 3431 992 3513 quisque
1015 3429 1099 3492 tanti
1123 3428 1294 3491 aestimare
1310 3427 1387 3491 soli-

207 3541 258 3600 tus
282 3539 335 3613 sit,
360 3540 473 3620 quanti
497 3539 544 3601 illi
568 3538 784 3603 cerrsuerint¹⁰.
834 3536 871 3601 P.
897 3539 949 3599 58.

207 3640 362 3705 Oensni
387 3645 621 3707 censcud0¹⁷
646 3644 716 3725 agri
742 3641 872 3726 proprie
895 3638 1113 3723 appellantur,
1139 3637 1193 3721 qni
1217 3639 1335 3702 eterni
1359 3643 1390 3701 et

208 3747 314 3810 venire
338 3749 406 3811 iure
428 3749 515 3811 cirili
540 3754 684 3830 pessunt.
734 3749 771 3810 P.
798 3750 849 3810 58.

281 3888 306 3951 l)
327 3887 517 3940 aurichalcum
539 3886 579 3939 M.
608 3917 641 3925 -
670 3888 698 3952 2)
720 3887 752 3939 P.
772 3891 822 3938 47:
849 3885 1002 3939 Cadmea
1021 3886 1106 3944 terra,
1131 3897 1203 3949 quae
1221 3879 1251 3934 in
1272 3897 1319 3935 aes
1337 3880 1391 3936 coi·

207 3973 289 4033 citur,
309 3975 342 4025 nt
359 3972 410 4025 fiat
428 3971 608 4027 orichalcum.
636 4004 668 4011 -
693 3976 721 4034 3)
741 3974 811 4028 bene
829 3973 935 4026 iustum
956 3972 996 4025 M.
1021 4001 1055 4008 -
1073 3970 1101 4040 4)
1120 3968 1229 4024 ostrina
1249 3967 1289 4020 M.
1310 3998 1343 4007 -
1364 3968 1390 4035 5)

208 4059 290 4114 ruodo
309 4060 410 4115 obnata
434 4060 462 4115 Τ.
488 4090 520 4099 —-
540 4061 567 4127 6)
586 4059 760 4114 caduciatori
780 4060 847 4113 GM.
874 4091 897 4097 -
927 4060 954 4119 ll
973 4058 1056 4112 homo
1075 4074 1125 4111 orn.
1148 4056 1176 4111 T.
1196 4086 1230 4094 —
1248 4055 1278 4123 8)
1298 4058 1392 4110 nosset

209 4146 241 4200 G.
268 4180 299 4189 —-
326 4147 352 4211 9)
372 4147 476 4200 iuninia
496 4147 535 4199 M.
567 4179 598 4187 —
628 4147 671 4215 10)
691 4147 837 4203 subiicitur
857 4146 889 4200 G.
916 4175 948 4184 —
970 4145 1016 4211 11)
1036 4145 1078 4197 his
1095 4144 1123 4201 ΙΙΙ
1143 4143 1182 4195 Μ.
1205 4173 1233 4181 -
1258 4142 1301 4211 12)
1320 4158 1391 4210 quas

207 4235 278 4287 libri.
301 4267 327 4273 -
354 4237 395 4303 13)
416 4236 457 4303 Cf.
478 4237 515 4289 D.
534 4241 678 4303 43,17,3.7:
704 4236 749 4289 aed
772 4235 795 4287 si
815 4252 901 4304 supra
921 4233 1011 4296 aedes,
1030 4248 1100 4300 quas
1120 4228 1257 4298 possideo,
1275 4244 1391 4282 cenacu-

209 4322 266 4374 lum
285 4322 322 4375 sit
341 4331 398 4378 cett.
419 4355 452 4362 —-
475 4327 516 4393 14)
535 4322 733 4377 indicebantur
752 4322 785 4376 G.
807 4352 838 4360 -
860 4324 902 4383 15)
921 4319 1096 4388 inrogabant
1109 4316 1149 4369 M.
1169 4345 1201 4354 ·-
1223 4315 1267 4385 16)
1279 4332 1392 4370 censue·

207 4412 275 4462 runt
297 4410 326 4462 Τ.
345 4440 379 4450 -
400 4411 442 4480 11)
461 4411 577 4465 censedo
599 4410 635 4463 M
645 4411 673 4466 Τ.
