2992 5040
566 314 654 384 Leges
674 315 776 386 regiae.
1252 320 1272 384 5

91 512 179 575 μησε,
204 492 375 578 βουλευτάς
398 491 494 566 εὐθὺς
517 493 598 576 ἐγνω
625 490 899 576 καταστήσασθαι,
923 491 995 574 μεθ’
1010 494 1053 556 ὢν
1069 493 1215 577 πράττειν
1231 495 1271 557 τά

92 601 181 661 κοινὰ
204 597 346 682 ἔμελλεν,
369 598 407 661 ἐκ
430 606 491 661 τῶν
513 596 688 680 πατρικίων
712 596 827 679 ἄνδρας
850 595 965 660 έκατδν
981 596 1211 682 ἐπιλεξάμενος.
1228 634 1270 646 -

93 703 371 787 καταστησάμενος
393 702 432 786 δὴ
455 712 554 767 ταῦτα
576 703 711 787 διέκρινε
733 705 790 778 τάς
815 741 858 751 -
881 702 1031 783 ἐξουσίας,
1055 705 1092 780 ἃς
1116 703 1271 780 ἑκάστους

95 806 243 892 ἐβούλετο
267 809 360 891 ἐχειν.

178 910 312 976 Βασιλεῖ
334 915 388 997 μέν
411 915 465 977 ούν
488 912 621 999 ἐξῄρητο
636 914 712 978 τάδε
727 917 767 977 τὰ
782 912 875 998 γέρα·
900 922 1024 996 πρῶτον
1041 915 1096 998 μέν
1113 914 1203 998 ἱερῶν
1219 915 1274 978 καί

93 1017 211 1081 θυσιῶν
233 1018 401 1102 ἡγεμονίαν
425 1020 517 1104 ἔχειν,
541 1056 582 1067 -
600 1020 707 1083 ἔπειτα
731 1019 833 1103 νόμων
855 1041 889 1083 τε
911 1021 966 1082 καί
981 1019 1118 1103 πατρίων
1135 1020 1273 1104 ἐθισμῶν

93 1121 239 1205 φυλακὴν
262 1123 429 1205 ποιεῖσθαι,
451 1161 496 1172 -
518 1134 579 1189 τῶν
606 1145 640 1188 τε
663 1125 869 1209 ἀδικημάτων
893 1128 932 1188 τά
948 1123 1077 1210 μέγιστα
1101 1126 1155 1208 μέν
1178 1125 1273 1187 αύτδν

92 1227 247 1306 δικάζειν,
280 1229 320 1290 τὰ
349 1225 376 1291 δ’
397 1227 550 1292 ἐλάττονα
581 1240 645 1305 τοῖς
680 1231 862 1317 βουλευταῖς
886 1230 1069 1314 ἐπιτρέπειν,
1091 1268 1135 1278 -
1157 1228 1274 1316 βουλήν

93 1351 126 1393 τε
148 1331 294 1415 συνάγειν
325 1334 379 1396 καί
402 1333 500 1417 δῆμον
525 1334 711 1418 συγκαλεῖν,
744 1337 798 1398 καί
823 1373 866 1383 -
887 1334 1055 1419 ἡγεμονίαν
1079 1335 1161 1419 ἐχειν
1184 1335 1274 1397 αύτο-

94 1436 238 1518 κράτορα
261 1437 294 1498 ἐν
317 1437 456 1522 πολέμῳ.

181 1539 236 1627 Τῷ
261 1543 296 1606 δὲ
319 1544 469 1629 συνεδρίῳ
498 1555 552 1629 της
577 1543 692 1631 βουλῆς
716 1579 756 1592 ·-
781 1545 963 1609 δυναστείαν
980 1543 1118 1629 ἀνέθηκε
1134 1543 1273 1606 τοιάνδε·

95 1649 163 1729 περί
186 1649 305 1721 παντὸς
329 1648 402 1712 ὅτου
426 1652 465 1713 ἂν
489 1651 651 1735 εἰσηγῆται
675 1651 821 1737 βασιλεὺς
844 1651 1060 1735 διαγινώσκειν
1083 1671 1117 1713 τε
1140 1650 1193 1712 καί
1213 1647 1273 1733 ψῆ-

96 1773 152 1833 φον
177 1751 335 1834 ἐπιφέρειν
359 1791 410 1817 -.

182 1855 237 1942 Τῷ
261 1857 296 1921 δέ
319 1859 478 1945 δημοτικῷ
501 1860 619 1946 πλήθει
641 1861 714 1944 τρία
737 1869 836 1924 ταῦτα
860 1859 1046 1943 ἐπέτρεψεν·
1073 1855 1275 1942 ἀρχαιρεσιά·

96 1963 155 2040 ζειν
179 1984 214 2026 τε
239 1965 294 2026 καί
316 1964 431 2047 νίμους
455 1966 625 2048 ἐπικυροῦν
649 1968 704 2029 καί
726 1968 796 2048 περί
812 1964 953 2049 πολέμου
970 1963 1184 2049 διαγινώσκειν
1201 1964 1275 2024 ὅταν

96 2067 283 2154 ύβασιλεύς
307 2070 367 2154 ἐφῇ
390 2106 443 2133 -.
476 2071 569 2153 ἔφερε
601 2071 635 2134 δέ
658 2075 714 2154 τὴν
739 2071 842 2156 ψηφον
871 2073 931 2155 οὐχ
953 2072 1018 2155 άμα
1041 2080 1102 2144 πᾶς
1125 2068 1142 2130 δ
1167 2067 1274 2152 δῆμος,

98 2173 178 2236 ἀλλὰ
201 2176 287 2235 κατά
308 2173 364 2248 τάς
387 2174 529 2258 φράτρας
552 2176 819 2259 συγκαλούμενος.

181 2281 211 2342 l.
244 2278 342 2343 Dion.
367 2280 574 2363 (2‚21.22):¹
602 2281 731 2356 πολλοῖς
756 2281 895 2366 σώμασιν
918 2279 1066 2344 ἀπέδωκε
1088 2275 1275 2358 θεραπεύειν

97 2387 128 2446 τύ
152 2385 321 2467 δαιμύνιον.
347 2425 384 2435 -
410 2385 443 2464 ἐξ
466 2385 602 2472 ἑκάστης
621 2388 764 2471 φράτρας
781 2385 1012 2471 ἐνομοθέτησεν
1028 2381 1276 2448 ἀποδείκνυσθαι

97 2489 149 2553 δύο
172 2493 246 2564 τοὺς
269 2490 348 2573 ύπέρ
372 2491 570 2575 πεντήκοντα
593 2494 646 2576 ἐτη
670 2494 850 2575 γεγονύτας,
874 2529 916 2539 -
940 2490 1067 2563 τούτους
1090 2488 1125 2550 δέ
1148 2487 1208 2551 ούκ
1232 2485 1275 2560 εἰς

96 2594 266 2678 ὡρισμένον
296 2599 364 2658 τινά
387 2596 501 2679 χρύνον
524 2600 579 2671 τὰς
602 2599 691 2679 τιμάς
716 2595 827 2674 ἔταξεν
852 2598 949 2680 ἐχειν,
981 2594 1064 2659 άλλά
1087 2593 1138 2656 διά
1160 2592 1275 2664 παντὸς

96 2711 148 2763 τοῦ
173 2701 256 2786 βίου,
289 2711 457 2783 στρατειῶν
487 2703 541 2784 μέν
566 2701 822 2784 ἀπολελυμένους
846 2702 897 2764 διά
919 2704 974 2784 τὴν
997 2698 1132 2783 ἡλικίαν,
1155 2706 1216 2760 τῶν
1240 2695 1275 2758 δέ

94 2808 178 2868 κατὰ
200 2809 257 2888 τὴν
281 2805 370 2868 πάλιν
394 2805 540 2890 ὀχληρῶν
564 2807 614 2870 διά
630 2809 683 2869 τδν
700 2807 804 2890 νόμον.
827 2845 872 2854 -
888 2808 1028 2879 ἅπαντας
1046 2804 1081 2866 δὲ
1096 2805 1168 2876 τοὺς
1185 2800 1275 2883 ἱερεῖς

94 2909 382 2994 -ἐνομοθέτησεν
407 2911 654 2976 ἀποδείκνυσθαι
678 2915 733 2996 μέν
763 2912 823 2975 ύπδ
847 2922 909 2976 τῶν
931 2919 1088 2994 φρατρῶν,
1111 2908 1275 2988 ἐπικυροῦ-

94 3017 171 3078 σθαι
196 3016 232 3079 δέ
256 3015 317 3077 ύπδ
340 3024 401 3078 τῶν
426 3014 641 3100 ἐξηγουμένων
665 3019 704 3080 τά
728 3016 801 3080 θεῖα
825 3017 876 3080 διὰ
899 3024 1058 3099 μαντικῆς.

182 3124 214 3186 5.
248 3121 431 3186 Macrobius
454 3122 718 3206 (sat.1,12,38):²
754 3122 841 3187 Haeo
873 3122 936 3186 fuit
966 3117 1143 3184 ollomulo
1171 3135 1275 3178 annue

93 3228 244 3292 ordinata
279 3227 451 3306 dimensio,
487 3228 541 3311 qui
573 3263 616 3276 -
640 3251 759 3292 ennom
791 3226 1016 3302 Xmensiurn‚
1048 3224 1170 3288 dierum
1202 3238 1275 3281 vero

154 3373 241 3379 .....--
264 3372 307 3379 ..—

96 3439 270 3507 potestatem
289 3434 375 3495 dedit,
395 3436 427 3487 ot
444 3432 615 3489 deliberaret
632 3438 662 3490 et
678 3435 844 3505 suffragium
860 3437 945 3490 terret
957 3432 992 3487 de
1004 3428 1179 3500 qualibetre
1191 3440 1276 3493 (11111111

98 3543 145 3580 rex
164 3524 202 3578 nd
221 3539 286 3578 eom
297 3521 446 3576 retulisset.
477 3520 583 3590 Populo
598 3539 662 3578 vero
675 3523 744 3577 hoeo
757 3524 812 3577 trio
826 3523 970 3585 concessit,
985 3516 1172 3587 magistratus
1184 3525 1277 3566 creare

96 3616 125 3668 et
145 3613 222 3681 leges
240 3611 347 3665 ιειιοίτο
371 3615 400 3665 et
423 3611 458 3665 de
478 3609 552 3665 bello
571 3609 736 3676 decernere,
761 3610 874 3681 quando
898 3627 945 3664 rex
964 3605 1140 3676 rogationem
1159 3598 1195 3653 ed
1214 3614 1276 3652 eum

99 3700 219 3753 tulisset.
257 3696 397 3767 Suffragia
416 3700 511 3752 eutem
533 3697 646 3753 ferebat
665 3717 720 3754 nou
739 3699 822 3753 simul
844 3701 922 3752 totus
940 3695 1067 3768 populus,
1086 3689 1133 3744 sed
1146 3683 1277 3742 curiatim

94 3786 324 3944 ωῃῖίξὸίιύιίύίίίε
342 3869 466 3940 personis
485 3886 567 3924 saera
581 3866 808 3923 administrando
827 3862 1006 3934 adsignavit3
1027 3861 1116 3930 legem
1129 3859 1231 3929 posuit,
1245 3859 1277 3911 ut

99 3980 131 4018 ex
149 3959 272 4030 singulis
291 3958 373 4012 coriis
391 3958 451 4012 bini
470 3960 642 4021 crearentur,
662 3955 683 4008 L
703 3953 784 4009 annis
804 3953 930 4014 maiores,
953 3967 1021 4019 quos
1039 3965 1095 4003 non
1114 3946 1151 4001 od
1172 3948 1275 4000 certum

100 4047 213 4118 aliquod
240 4051 352 4113 tempus
377 4045 495 4102 honores
519 4046 588 4101 istos
611 4044 714 4098 hebere
731 4041 894 4103 constituit,
922 4039 970 4094 sed
987 4035 1121 4108 quamdiu
1143 4035 1277 4095 riverent,

97 4137 234 4190 immunes
252 4150 270 4187 o
282 4132 387 4187 militie
399 4135 513 4203 propter
526 4136 664 4196 aetatem,
678 4129 714 4184 ob
730 4127 845 4183 urbonis
859 4145 923 4182 vero
937 4124 1097 4180 muneribus
1113 4139 1162 4192 per
1176 4122 1274 4190 legem.

97 4223 197 4278 Omnes
215 4222 374 4276 sacerdotes
392 4238 410 4275 o
428 4221 510 4275 curiis
529 4219 676 4276 constituit
694 4218 790 4278 creari,
815 4217 851 4271 eb
870 4212 1072 4285 interpretibus
1093 4227 1157 4265 vero
1181 4224 1275 4264 rerum

98 4310 256 4365 divinorum
274 4326 325 4380 per
337 4308 461 4378 suspicio
472 4306 651 4372 confirmari.)
669 4335 704 4345 -
719 4307 746 4370 2)
764 4304 895 4359 Similiter
917 4303 1124 4365 Solin.1‚35.36.
