2992 5040
690 323 799 379 Festus.
1296 331 1338 395 25
1383 409 1388 420 ἱ

156 499 276 586 au[tem
307 501 352 564 iis
375 500 456 564 solis
479 497 570 585 dori]
603 499 668 565 ius¹
694 501 827 584 pomerii
851 501 1049 584 proferendi,
1084 501 1159 587 [qu-i
1179 505 1338 585 populum

157 604 337 669 Romaiaam
359 626 437 687 apro
461 606 500 668 de
521 606 668 670 hostibus
690 611 784 685 copto
810 613 981 670 auxerunt.
1008 604 1061 693 -]
1086 608 1124 674 F.
1142 613 1219 673 249.
1266 608 1336 672 Po·

157 708 414 775 simerium²
449 709 631 793 pontificale
660 711 878 793 pomoerium,
916 711 968 774 ubi
1000 711 1166 794 pontifices
1191 715 1334 797 auspica-

158 816 284 892 bantur,
307 814 428 879 dictum
451 819 557 878 autem
581 815 778 896 pomoerium
802 816 894 899 quasi
910 815 1127 899 promurium³
1150 817 1183 881 id
1198 823 1248 882 est
1263 840 1338 902 pro·

156 922 277 986 ximum
299 941 401 984 muro.
448 921 482 982 P.
508 923 587 984 248.

158 1024 427 1091 Possessio⁴
451 1029 509 1098 est,
533 1029 569 1086 ut
593 1022 705 1086 definit
729 1021 842 1088 Gallus
869 1023 990 1103 Aelius,
1014 1047 1089 1089 usus
1113 1025 1241 1109 quidam
1267 1025 1338 1110 agri

158 1136 212 1195 aut
235 1131 368 1209 aedifici,
392 1153 456 1195 non
478 1130 546 1214 ipse
569 1129 688 1192 fundus
717 1133 774 1192 aut
798 1151 889 1214 agen
915 1151 977 1193 non
1001 1129 1086 1193 enim
1110 1130 1265 1214 possessio
1290 1135 1338 1193 est

158 1234 220 1320 [ι’]δ
243 1236 337 1300 rebus
360 1257 442 1320 quac
464 1235 556 1318 tangi
580 1239 716 1317 possunt
749 1232 817 1321 [cicc
841 1234 977 1318 sucipi]⁸‚
1001 1235 1056 1319 qui
1079 1234 1156 1299 dicit
1179 1257 1212 1298 se
1234 1235 1337 1318 possi·

158 1341 238 1418 dere,
262 1340 306 1405 isl
330 1363 402 1405 vere
423 1344 528 1424 potest
546 1339 658 1403 dicere.
695 1338 809 1422 Itaque
831 1341 863 1402 iu
881 1340 1035 1424 legitimis
1051 1340 1229 1405 actionibus
1245 1360 1338 1405 nemo

156 1467 194 1509 cx
217 1445 268 1508 his
290 1445 362 1529 qui⁸
386 1444 617 1528 possessionem
643 1466 732 1508 suam
751 1465 862 1508 vocare
879 1444 984 1518 audet,
1010 1447 1063 1510 sed
1079 1446 1118 1509 ad
1134 1443 1338 1508 interdictum

156 1551 259 1626 venit,
290 1553 328 1614 ut
351 1554 479 1632 praetor
511 1548 562 1612 his
586 1547 692 1612 verbis
717 1553 841 1612 utatur:
873 1549 942 1615 ‘Uti
965 1572 1049 1615 nunc
1073 1550 1241 1635 possidetis
1264 1571 1337 1614 eum

157 1654 333 1731 fundum⁹‚
365 1654 455 1738 qluo)
480 1653 545 1738 d(e)
571 1653 727 1738 algstan),
760 1654 845 1738 quod
868 1677 925 1718 nec
948 1656 979 1718 vi
1002 1676 1058 1718 neo
1081 1655 1162 1718 clam
1186 1675 1243 1718 nec
1265 1675 1339 1738 pre·

156 1760 240 1824 cario
263 1759 346 1823 alter
368 1759 408 1822 ab
433 1759 534 1823 altero
560 1757 746 1841 possidetis,
782 1756 861 1843 [quo
884 1758 1045 1842 minus10]
1070 1760 1116 1822 ita
1138 1758 1336 1841 possideatis,

157 1866 305 1930 adversus
328 1887 365 1929 ea
387 1865 452 1929 vim
476 1863 546 1928 fieri
572 1866 666 1927 veto!
714 1865 754 1927 F.
778 1867 855 1928 233.

158 1969 182 2032 P
194 1992 239 2034 os
251 1993 266 2034 s
278 1991 349 2034 ess
361 1970 371 2033 i
384 1992 404 2034 o
416 1993 436 2033 n
450 1992 467 2033 e
479 1991 494 2033 s
518 1968 725 2051 appellantur
748 1968 819 2047 agri
842 1967 907 2032 late
923 1973 1082 2052 patentes¹
1097 1972 1106 2007 1
1135 1967 1254 2050 publici
1271 1971 1337 2051 pri·

157 2075 294 2159 vatique,
317 2075 433 2159 quia¹²
461 2095 525 2137 non
542 2073 781 2156 mancipatione
796 2074 849 2138 sed
867 2095 926 2137 usu
941 2072 1133 2138 tenebantur
1148 2078 1180 2136 et
1196 2078 1232 2136 ut
1249 2073 1335 2157 quis·

156 2184 255 2263 que¹³
282 2184 501 2262 occupaverat,
525 2178 706 2242 colebat¹⁴.
753 2178 794 2242 F.
818 2182 893 2241 241.

157 2285 266 2350 Post
289 2283 524 2348 liminium
549 2287 788 2366 receptum
814 2281 924 2346 Gallus
942 2282 1051 2346 Aelius
1074 2281 1108 2345 in
1132 2282 1215 2346 libro
1234 2282 1335 2364 primo

155 2388 436 2471 significationum,
460 2408 542 2471 quae
565 2385 604 2448 ad
628 2385 678 2449 ius
702 2387 873 2469 pertinent,
897 2387 943 2449 ait
967 2408 1139 2462 maecum,
1164 2386 1219 2469 qui
1242 2384 1333 2460 liber,

157 2519 192 2559 ex
217 2517 281 2579 qua
302 2493 433 2558 civitate
456 2492 489 2554 in
513 2490 608 2555 aliam
634 2490 796 2555 civitatem
819 2491 952 2570 abierat,
976 2491 1010 2554 in
1026 2491 1156 2555 eandam
1172 2491 1335 2556 civitatem

157 2600 237 2664 redit
260 2621 296 2664 eo
320 2599 399 2671 iure,
422 2596 508 2679 quod
532 2596 745 2658 constitutum
769 2600 817 2659 est
840 2596 878 2661 de
901 2596 1111 2679 postliminis;
1136 2597 1213 2660 item
1236 2596 1330 2678 qui¹⁵

156 2726 262 2768 servos
294 2702 429 2767 anobis
454 2701 486 2763 in
511 2699 651 2763 hostium
677 2704 867 2783 potestatem
891 2701 1052 2783 pervenit,
1082 2707 1192 2784 postea
1215 2702 1255 2765 ad
1278 2724 1335 2767 uos

156 2809 239 2873 redit
260 2809 295 2872 in
319 2807 386 2871 eius
411 2809 615 2889 potestatem,
640 2805 729 2868 cuius
753 2810 846 2868 antea
862 2805 935 2880 fuit,
959 2806 1027 2870 iure
1043 2806 1237 2889 postlimini;
1262 2808 1335 2891 equi

155 2918 187 2976 et
201 2911 280 2976 muli
296 2915 329 2975 et
345 2909 435 2973 navis
452 2909 562 2973 eadem
580 2909 664 2972 ratio
680 2914 728 2972 est
745 2913 816 2992 post
827 2909 988 2973 liminium
1006 2912 1194 2993 receptionis
1211 2916 1330 2995 quae¹⁰

154 3018 247 3081 servi.
292 3016 380 3092 Quae
410 3036 528 3099 genera
560 3035 665 3078 rerum
696 3012 736 3077 ab
761 3014 908 3078 hostibus
936 3015 976 3077 ad
1000 3036 1058 3079 nos
1082 3021 1152 3098 post
1177 3016 1334 3079 liminium

226 3175 254 3242 l)
273 3190 320 3226 rus
338 3171 393 3226 cod.
416 3200 448 3209 -
467 3171 495 3235 2)
514 3167 689 3238 posimirium
708 3167 776 3222 GM.
797 3196 831 3208 -
849 3170 877 3235 3)
891 3168 1063 3237 promorium
1077 3169 1117 3222 M.
1137 3201 1172 3208 -
1189 3172 1216 3231 4)
1230 3170 1273 3224 Dc
1285 3171 1335 3225 boc

153 3261 314 3329 obsequenti
333 3259 389 3312 loco
407 3259 518 3324 scripsit
538 3256 674 3318 Huschke,
703 3256 746 3309 itt.
766 3256 790 3308 d.
811 3255 892 3310 Stella
910 3257 935 3310 d.
955 3256 1041 3310 Varro
1060 3275 1083 3311 o.
1103 3258 1128 3310 ci.
1148 3257 1207 3311 Lic.
1224 3276 1253 3327 p.
1266 3263 1334 3312 75-

154 3353 209 3404 116.
237 3379 272 3387 -
299 3347 326 3417 5)
346 3345 483 3411 Deficiunt
507 3347 538 3398 in
558 3345 637 3398 biatu
654 3344 711 3397 cod.
731 3344 835 3397 litterae
853 3343 924 3397 duce
939 3345 1068 3412 pluresve.
1100 3374 1127 3386 -
1158 3345 1187 3411 6)
1208 3346 1333 3416 [Habitum

153 3437 252 3490 codicis
271 3435 374 3503 ecpzeci
390 3449 436 3502 epo
455 3432 541 3485 verbis
559 3448 610 3485 nec
628 3447 725 3493 auum:
745 3447 834 3499 neque
847 3434 990 3500 proposuit
1007 3431 1144 3496 Cuioca'us.
1163 3450 1215 3501 quo
1233 3441 1334 3489 retento

154 3540 216 3577 mou
230 3538 282 3591 pro
301 3521 345 3574 hia
363 3536 427 3574 nera
447 3519 604 3572 Huscblius
622 3518 705 3571 scribi
724 3517 844 3572 inscitia
863 3534 943 3571 snam
963 3535 1030 3573 rem.
1057 3518 1108 3572 Tu.
1122 3520 1173 3590 n]
1193 3552 1226 3559 -
1245 3524 1273 3589 7)
1291 3521 1333 3575 his

154 3611 208 3664 cod.
236 3639 270 3649 -
292 3608 320 3672 8)
340 3624 373 3661 ax
393 3608 436 3660 his
455 3606 513 3676 qui]
537 3622 570 3659 ex
588 3604 648 3658 iure
667 3603 819 3668 Quiritium
839 3605 1003 3673 compendiis
1020 3609 1088 3661 caule
1105 3608 1202 3662 solutis
1219 3608 1333 3663 scriben-

154 3699 217 3751 dum
235 3713 291 3751 esse
308 3697 443 3749 aestivant
463 3693 628 3746 Huscblius.
648 3721 682 3731 -
701 3691 728 3760 9)
751 3692 783 3743 la
803 3692 839 3746 D.
859 3696 973 3759 43,17,1:
995 3693 1108 3748 Uticae
1127 3695 1217 3749 aedas.
1236 3726 1270 3734 -
1291 3697 1334 3765 10)

153 3804 208 3854 quo
226 3784 318 3838 miuus
336 3799 386 3836 om.
406 3781 472 3843 coi,
491 3781 589 3834 tutent
608 3778 646 3832 D.
666 3779 682 3831 l.
697 3795 719 3832 c.
736 3784 761 3832 ct
779 3777 867 3833 Gaius
885 3783 972 3845 4,)60.
996 3812 1025 3821 -
1048 3782 1091 3851 11)
1111 3782 1184 3837 Plio.
1204 3783 1264 3838 bist.
1277 3791 1333 3838 ciat.

152 3874 271 3937 18,6,35:
299 3867 465 3922 latifundia
486 3865 633 3936 perdidere
653 3866 776 3930 ltaliam,
794 3866 851 3920 iam
873 3884 938 3922 vero
957 3871 987 3922 et
1006 3869 1175 3936 provincias.
1212 3871 1264 3924 Sex
1283 3870 1331 3926 do·

154 3957 223 4013 mini
241 3957 381 4011 semissem
396 3955 507 4009 Africae
526 3953 716 4023 possidebant,
735 3971 799 4008 cum
814 3954 957 4008 interfecit
969 3972 1016 4010 eos
1030 3955 1104 4010 Naro
1117 3955 1255 4025 princeps.
1278 3958 1331 4013 Cic.

152 4045 184 4098 de
202 4045 247 4112 off.
266 4048 386 4111 2215&
414 4041 560 4111 Philippus
579 4071 622 4106 -‚
648 4058 710 4094 cnm
730 4040 821 4108 legem
842 4041 986 4110 agrariam
1006 4042 1100 4106 ferrat,
1119 4073 1152 4082 -
1172 4041 1202 4096 in
1221 4045 1332 4114 agendo

154 4132 245 4186 multa
263 4131 454 4201 populariter,
481 4132 542 4182 tum
567 4127 640 4182 illud
659 4128 746 4182 mala:
776 4145 831 4183 non
851 4145 909 4183 esse
928 4130 958 4182 in
977 4129 1093 4184 civitate
1113 4129 1267 4186 duomilia
1287 4133 1332 4188 ho·

153 4219 269 4283 minum,
288 4222 411 4288 quirem
434 4218 582 4271 haberent.
603 4246 636 4256 -
658 4217 702 4283 12)
721 4218 761 4270 sic
778 4217 828 4270 cod
857 4249 887 4255 —
909 4217 951 4284 13)
970 4219 1018 4279 sic,
1036 4235 1091 4271 non
1109 4217 1257 4286 quisquam
1276 4221 1331 4273 cod.

152 4336 187 4345 -
216 4308 258 4375 14)
276 4308 316 4360 sic
335 4306 471 4367 Nattabu,
501 4303 654 4360 collidebat
671 4304 743 4366 coit,
770 4303 931 4374 possidebat
955 4305 1075 4360 Ursinus.
1115 4306 1156 4374 Of.
1178 4306 1245 4362 Isiu.
1265 4310 1332 4377 orip.

152 4396 263 4459 15,13‚3.
286 4423 313 4431 —
337 4394 379 4457 15)
397 4392 521 4462 itemque
539 4392 595 4446 cod.
616 4423 647 4430 -
670 4393 713 4461 16)
732 4391 869 4462 raciptum
888 4393 986 4462 iaquae
1004 4393 1061 4446 cod.
