2992 5040
207 311 250 372 94
695 307 914 377 agrimensores.

154 485 357 571 2116666666
388 487 563 570 iniquitate
593 487 660 551 sive
691 488 826 550 arbitrio
849 485 1045 550 6661116616Ῐ
1075 488 1192 551 limites
1214 510 1278 551 non
1303 509 1392 552 acce·

208 596 340 673 perunt;
372 590 449 654 haec
477 597 552 655 sunt
584 592 663 655 iuris
696 592 939 656 subsicivorum.
986 592 1089 657 Extra
1112 593 1200 657 clusa
1223 592 1294 665 loca
1316 598 1393 656 sunt

208 718 307 780 aeque
330 696 410 760 iuris
433 697 676 774 subsicivorum,
703 719 784 781 quae
809 697 895 760 ultra
919 697 1038 761 limites
1054 705 1086 762 et
1103 695 1203 760 ultra⁹
1220 696 1392 761 finitimam

207 801 323 865 lineam
348 803 441 864 erint.
465 839 508 847 —
533 802 573 865 F.
592 807 642 865 55.
678 805 718 866 A.
735 805 788 866 86.

297 905 365 991 (13)
403 906 450 970 116
480 906 598 969 locis
628 908 780 970 sacris
814 911 855 970 et
885 906 1133 990 religiosis
1157 906 1394 969 controversiae

207 1012 364 1096 plurimae
396 1017 583 1086 nascuntur,
617 1034 698 1095 quae
730 1013 798 1075 iure
827 1012 989 1075 ordinario
1014 1012 1184 1087 finiuntur,
1218 1010 1279 1073 nisi
1304 1012 1332 1072 si
1356 1010 1394 1072 de

154 1110 358 1182 23·locorum
383 1138 490 1180 eorum
516 1116 609 1180 modo
634 1117 753 1201 agitur.
780 1154 821 1162 —
847 1117 885 1180 F.
902 1122 953 1181 56.
983 1118 1022 1181 A.
1040 1120 1092 1179 87.

296 1220 363 1306 (14)
400 1221 447 1285 De
470 1243 611 1304 aquae
635 1222 828 1304 pluviae
852 1221 1064 1285 transitu
1087 1222 1305 1286 controversia
1333 1228 1391 1297 est,

207 1327 240 1390 in
271 1349 351 1410 qna,
383 1327 410 1388 si
434 1324 584 1389 collectus
616 1324 767 1408 pluvialis
798 1348 899 1408 aquae
923 1332 1139 1390 transversum
1162 1348 1272 1390 secans
1296 1325 1392 1389 finem

154 1431 239 1494 2116
271 1431 411 1494 alterius
442 1429 576 1493 fundum
612 1430 720 1494 influit
752 1435 785 1494 et
808 1432 1024 1507 disconvenit,
1057 1431 1096 1494 ad
1120 1430 1170 1493 ius
1194 1431 1391 1494 ordinarium

208 1536 399 1619 pertinebit;
431 1535 512 1618 quod
538 1535 564 1598 si
589 1537 901 1618 perordinationem
926 1536 1000 1600 finis
1023 1537 1124 1619 ipsius
1148 1537 1267 1620 agitur,
1292 1536 1394 1621 exigit

207 1642 363 1705 mensoris
387 1641 613 1704 interventum.
663 1642 700 1703 F.
719 1647 771 1705 57.
797 1644 836 1706 A.
854 1645 906 1706 88.

297 1745 364 1830 (11)
399 1745 447 1808 De
470 1745 562 1808 itin
577 1744 736 1807 eribus
760 1745 977 1808 controversia
1001 1749 1059 1819 est,
1083 1766 1165 1828 quae
1188 1745 1221 1807 in
1239 1744 1392 1808 arcifiniis

208 1851 295 1933 agris
319 1851 388 1914 inre
411 1849 572 1913 ordinario
598 1849 720 1923 linitur,
747 1848 780 1912 in
805 1849 984 1934 adsignatis
1007 1869 1228 1912 mensurarum
1251 1849 1393 1916 ratione:

208 1977 316 2019 omnes
348 1957 432 2019 enim
461 1955 578 2017 limites
602 1955 776 2018 secundum
802 1953 905 2037 legem
929 1954 1105 2018 colonicam
1128 1953 1238 2016 itineri
1266 1954 1395 2036 publico

207 2061 326 2124 servire
356 2059 481 2122 debent.
507 2097 548 2106 -
572 2059 682 2122 ΜΘ.
715 2062 826 2123 6189.
863 2098 874 2105 --
918 2061 959 2122 Η.
979 2065 1058 2123 134:
1090 2058 1139 2123 De
1163 2061 1214 2122 via
1239 2060 1296 2123 et³
1320 2065 1394 2124 actu

208 2171 240 2229 et
263 2165 426 2228 itinere
449 2171 481 2227 61
504 2165 626 2226 ambitu
651 2169 682 2227 et
699 2185 824 2227 accessu
849 2170 882 2228 61
899 2164 976 2227 rivis
1000 2168 1032 2228 et
1048 2164 1184 2228 vallibus
1208 2163 1303 2227 fossis
1320 2163 1394 2228 fon·

208 2270 294 2333 tibus
329 2291 422 2351 saepe
455 2273 622 2331 moventur
654 2269 892 2332 contentiones:
929 2291 1009 2352 quae
1044 2290 1153 2332 omnes
1187 2272 1294 2352 partes
1330 2291 1393 2333 non

208 2379 365 2451 nostram,
401 2375 454 2437 scd
479 2373 613 2436 forensis
638 2372 748 2445 officii,
780 2374 812 2437 id
839 2380 887 2437 est
914 2375 992 2437 iuris
1020 2373 1138 2449 civille,
1172 2395 1303 2457 operam
1327 2375 1395 2437 exi·

209 2483 304 2563 gunt3
336 2501 394 2541 nos
426 2499 501 2541 vero
524 2483 601 2541 tnnc
624 2478 685 2541 eis⁴
710 2478 958 2554 intervenimus,
992 2501 1062 2541 curn
1088 2484 1144 2542 ant
1167 2476 1395 2561 derigendnm⁵

208 2584 327 2668 aliquid
353 2589 401 2647 est
424 2583 692 2667 quaestionibus⁶,
718 2588 783 2657 aut,
808 2583 835 2644 si
858 2583 962 2647 forma
983 2583 1091 2666 aliqua
1107 2581 1228 2666 aliquid
1245 2588 1395 2646 notatum

207 2690 381 2767 invenitur,
406 2689 611 2770 repetendum
634 2694 692 2751 est.

658 2859 802 2915 frontinus
823 2860 892 2915 liter
912 2860 940 2915 ΙΙ.

295 2986 396 3063 Satio,
427 2991 577 3069 utputo,
609 2986 745 3049 dilucide
771 2985 821 3072 [in
843 2989 957 3067 priore
981 2981 1095 3066 libro']
1121 3005 1238 3068 genera
1261 2990 1392 3050 contro·

210 3093 383 3157 versiarum
414 3092 562 3174 exposni3
596 3111 680 3154 nunc
711 3090 978 3174 quemadmodum
1007 3089 1154 3174 singulae
1178 3089 1312 3153 tractari
1337 3089 1392 3153 de·

208 3196 314 3272 beant,
346 3195 597 3278 persequendum
621 3198 678 3256 661.
704 3232 745 3239 —
771 3193 990 3257 Difficillimns
1014 3198 1119 3257 autern
1146 3194 1232 3257 locus
1255 3194 1308 3258 hic
1332 3201 1391 3269 est,

208 3300 293 3384 quod
316 3300 454 3364 mensori
478 3298 682 3362 iudicandum
705 3302 774 3372 est3
800 3299 853 3361 sed
879 3321 936 3362 nec
951 3299 1056 3362 minus
1072 3297 1127 3362 illc
1143 3303 1283 3375 exactus,
1309 3300 1395 3382 quod

156 3411 256 3475 mest
280 3405 443 3468 advocatio
468 3403 668 3488 praestanda.
716 3402 925 3467 Prudentiam
945 3403 949 3481 1
970 3410 1076 3466 tamen
1102 3403 1234 3467 eandem
1254 3403 1395 3468 artifices

208 3510 326 3573 habere
356 3509 472 3572 debent
501 3512 533 3570 et
556 3509 611 3590 qni
634 3507 808 3571 iudicaturi
836 3514 912 3572 sunt
935 3512 967 3570 et
990 3508 1043 3588 qui
1070 3508 1294 3572 advocationes
1319 3516 1396 3573 sunt

207 3613 403 3697 praestituri.
450 3611 486 3675 In
518 3612 687 3676 indicando
720 3618 827 3676 antem
861 3633 1037 3676 mensorem
1071 3612 1188 3675 bonum
1223 3613 1328 3676 virnm
1364 3622 1396 3677 et

208 3719 327 3782 instum
352 3740 448 3799 agere
472 3716 588 3794 decet⁸,
613 3740 716 3801 neque
740 3719 806 3781 nlla
830 3717 1004 3781 ambitione
1028 3721 1084 3781 aut
1099 3717 1246 3781 sordibus
1262 3720 1394 3794 moveri,

208 3845 334 3887 servare
358 3821 540 3906 opinionem
565 3827 597 3885 61
621 3825 682 3886 arti
706 3827 739 3887 et
762 3822 924 3899 moribus;
949 3823 1080 3907 quidam
1105 3823 1189 3886 enim
1212 3843 1270 3905 per
1293 3824 1394 3907 impe-

209 3929 326 4006 ritiam,
362 3927 492 4011 quidam
524 3951 580 4011 per
612 3928 832 4010 inpudentiam
868 3933 1015 4011 peccant:
1054 3931 1159 3990 totum
1195 3931 1301 3990 autem
1335 3928 1396 3991 hoc

299 4120 326 4185 1)
350 4119 449 4172 relicta
468 4121 518 4172 ina.
537 4118 614 4179 libri,
643 4118 736 4171 delevit
755 4117 866 4171 Luciam.
893 4148 924 4156 -
949 4118 975 4181 2)
994 4117 1072 4170 ultra
1091 4117 1162 4181 libri,
1181 4115 1258 4169 intra
1277 4116 1395 4171 Goecius

208 4206 285 4273 prob.
306 4205 492 4258 Loclnnonno.
514 4235 544 4243 —
573 4206 603 4272 3)
623 4205 686 4258 niae
705 4205 776 4260 libri.
795 4235 828 4244 -
847 4206 876 4274 4)
894 4206 944 4268 616]
963 4208 1006 4258 661
1025 4205 1096 4258 libii.
1118 4235 1145 4242 —
1169 4205 1197 4270 5)
1216 4204 1395 4273 deligendum

210 4292 280 4345 libri.
301 4322 334 4330 —
354 4292 718 4359 6)661666661.66111161.
740 4322 770 4329 —
799 4292 825 4359 7)
844 4290 872 4343 in
893 4309 933 4360 pr.
954 4290 1025 4346 libro
1045 4292 1106 4345 add.
1127 4291 1292 4345 16616666.
1313 4322 1347 4331 -
1366 4293 1394 4359 8)

209 4378 292 4432 debet
311 4379 351 4431 661
370 4378 474 4431 debent
493 4379 566 4431 iibri.
