2992 5040
525 323 626 379 Edicta
642 325 816 394 praetorum.
1206 323 1271 388 223

175 524 201 567 e.
237 499 285 565 De
307 500 377 565 loco
399 499 529 585 publico
547 498 694 565 fruendo.
728 500 798 576 Quo
813 499 919 564 minus
935 499 1003 563 loeo
1019 498 1158 582 publico,
1174 519 1269 582 quem

90 605 131 683 is,
153 606 204 670 eui
228 605 354 670 locandi
376 605 427 669 ius
450 604 562 684 fuerit,
594 604 764 669 fruendum
789 603 885 669 alicui
908 603 1039 682 locavit,
1063 603 1093 669 ei
1115 603 1171 687 qui
1193 625 1270 667 eon·

91 709 183 775 duxit
204 711 329 776 soeiove
351 711 420 776 eius
443 732 461 776 a
484 710 556 795 lege
577 710 747 775 locationis
770 709 836 774 frui
850 709 956 788 lineat,
973 708 1037 772 vim
1051 708 1122 773 fieri
1137 705 1237 772 veto¹.

176 813 201 880 f.
224 812 272 879 De
296 814 348 879 via
370 813 502 898 publiea
525 819 557 880 et
579 815 697 879 itinere
719 815 848 898 publico
863 813 1043 879 refioieudo.
1080 811 1151 889 Quo
1166 813 1274 877 minus

91 919 137 984 illi
161 920 246 983 viam
270 920 432 1004 publicam
463 920 563 984 iterve
585 917 750 1003 publicum
774 920 897 1004 aperire
920 918 1048 983 reficere
1070 918 1175 995 liceat,
1199 917 1276 981 dum

92 1046 128 1088 ne
151 1048 189 1090 ea
213 1025 265 1088 via
286 1025 358 1089 idve
380 1025 442 1089 iter
465 1024 606 1089 deterius
631 1023 700 1103 fiat,
724 1025 789 1088 virn
811 1024 881 1088 fieri
905 1021 1006 1088 veto’.

177 1135 209 1196 4.
240 1129 297 1194 De
320 1127 587 1194 fluminibus.
634 1149 662 1192 a.
686 1127 737 1193 Ne
760 1129 837 1214 quid
859 1129 894 1193 in
920 1128 1050 1193 flumine
1071 1125 1200 1211 publico
1224 1127 1268 1191 ri·
1294 1143 1357 1181 ura

93 1256 170 1318 pave
192 1234 261 1300 eius
283 1234 351 1310 fiat,
376 1255 440 1318 quo
464 1234 553 1318 peius
570 1232 752 1318 navigetur.
790 1231 841 1297 Ne
857 1233 932 1317 quid
949 1233 982 1296 in
999 1231 1132 1296 flumine
1148 1230 1275 1316 publico

94 1339 200 1423 ripave
229 1338 297 1403 eius
324 1337 425 1403 facias
456 1360 535 1404 nove
567 1338 645 1422 quid
673 1339 706 1402 in
731 1337 862 1403 flumine
891 1336 1020 1421 publico
1047 1357 1127 1401 neve
1148 1336 1183 1401 iu
1206 1337 1275 1421 ripa

94 1443 158 1508 eius
180 1443 350 1519 immittas,
374 1465 438 1527 quo
460 1444 560 1508 statio
583 1444 686 1507 itarve
708 1442 838 1526 navigio
862 1441 1000 1507 deterior
1022 1442 1065 1506 sit
1085 1441 1169 1506 fleu.

179 1548 209 1611 b.
248 1548 339 1624 Quod
362 1548 396 1611 iu
419 1547 551 1613 flumine
573 1547 703 1631 publico
727 1548 836 1631 ripave
859 1547 927 1612 eiua
950 1546 1088 1611 factum⁴
1111 1548 1177 1612 sive
1200 1548 1277 1631 quid

95 1653 125 1717 in
156 1653 190 1718 id
220 1652 338 1718 flumen
365 1653 511 1737 ripamve
533 1655 601 1719 eius
624 1653 800 1718 immissum
824 1650 937 1730 habes,
969 1674 1033 1736 quo
1055 1651 1153 1716 statio
1176 1652 1276 1717 iterve

96 1757 222 1842 navigio
245 1757 386 1822 deterior
410 1757 453 1822 sit
475 1759 542 1836 fiat,
567 1757 745 1824 restituaa⁶.

180 1885 206 1927 o.
242 1859 293 1926 Ne
317 1862 395 1946 quid
424 1863 455 1927 in
480 1863 613 1928 flumine
644 1862 772 1947 publiea
795 1862 863 1940 fiat,
886 1883 949 1946 quo
973 1860 1067 1926 aliter
1090 1883 1174 1946 aqua
1197 1861 1277 1927 fluat

96 1975 189 2052 atque
220 1967 270 2032 uti
305 1967 411 2050 priore
442 1972 565 2033 aestate
591 1968 696 2032 fluxit.
741 1966 780 2030 In
802 1965 934 2030 flumine
960 1964 1089 2048 publico
1111 1967 1184 2030 inve
1206 1967 1278 2051 ripa

96 2073 159 2137 eius
182 2071 289 2136 faeere
312 2076 370 2135 ant
394 2073 425 2135 in
452 2073 483 2137 id
506 2072 623 2137 flumen
647 2071 791 2154 ripamve
813 2069 881 2134 eius
896 2068 1081 2145 immittere,
1105 2090 1169 2152 quo
1184 2068 1278 2136 aliter

96 2199 178 2260 aqua
200 2175 292 2253 fluat,
318 2198 414 2259 quam
437 2175 545 2260 priore
568 2179 689 2242 aestate
712 2174 814 2250 fluxit,
839 2171 940 2237 veto⁸.

180 2279 210 2346 d.
247 2279 339 2356 Quod
367 2281 401 2344 in
425 2279 556 2344 flumine
588 2280 716 2364 publioo
743 2280 854 2364 ripave
875 2278 944 2342 eiua
966 2277 1086 2342 fautum
1110 2279 1177 2344 sive
1200 2281 1276 2365 quid

95 2387 126 2450 iu
152 2386 186 2449 id
208 2385 328 2450 flumen
352 2385 494 2468 ripamve
518 2385 586 2449 eius
608 2385 788 2450 immissum
811 2384 919 2460 habes,
936 2383 964 2446 si
979 2380 1021 2446 ob
1037 2382 1068 2447 id
1085 2383 1179 2448 aliter
1194 2408 1278 2470 aqua

95 2488 175 2567 fluit,
201 2494 298 2575 atque
320 2489 369 2555 uti
392 2488 498 2573 priore
520 2494 641 2555 aestate
666 2490 770 2568 duxit,
794 2485 971 2554 restituas⁷.

181 2617 207 2661 e.
245 2592 291 2660 Ut
313 2595 347 2659 in
368 2595 500 2659 flumine
522 2595 654 2678 publioo
677 2596 830 2681 navigare
853 2595 956 2660 liceat.
1005 2594 1076 2671 Quo
1100 2593 1205 2659 minus
1227 2595 1275 2659 illi

95 2699 125 2763 in
151 2699 284 2764 flumine
305 2698 435 2783 publioo
459 2720 572 2764 navem
595 2705 696 2765 ratem
719 2721 815 2785 agere
837 2721 940 2784 quove
962 2697 1069 2763 minus
1092 2721 1149 2782 per
1173 2699 1277 2784 ripam

95 2805 160 2868 eiua
183 2825 317 2868 onerare
339 2825 512 2869 exonerare
535 2804 640 2884 liceat,
662 2805 727 2869 vim
744 2805 813 2869 fieri
829 2809 910 2869 veto.
943 2803 1031 2879 item,
1047 2806 1085 2867 ut
1100 2825 1156 2888 per
1172 2804 1274 2869 laeum

95 2907 214 2973 fossam
237 2912 390 2993 stagnum
413 2906 577 2991 publicum
600 2910 754 2994 navigare
773 2911 876 2987 liceat,
900 2907 1116 2972 interdicam⁸.

182 3012 204 3076 f.
241 3010 290 3076 De
311 3012 382 3096 ripa
415 3013 597 3078 munienda.
644 3013 714 3089 Quo
736 3014 842 3079 minue
868 3013 919 3079 illi
942 3012 977 3076 in
1000 3011 1132 3076 flumine
1153 3015 1281 3097 publico

96 3117 205 3200 ripave
229 3116 297 3181 eius
321 3138 403 3201 opus
426 3118 531 3182 facere
555 3117 644 3201 ripae
666 3118 777 3206 agrive
800 3118 855 3202 qui
877 3117 961 3181 eirea
983 3115 1088 3199 ripam
1104 3121 1153 3182 est
1168 3120 1278 3183 tuendi

96 3242 192 3285 eausa
214 3220 320 3298 liceat,
345 3221 422 3286 dum
447 3243 487 3286 ne
509 3221 550 3286 ob
573 3222 606 3286 id
628 3223 793 3309 navigatio
809 3221 947 3287 deterior
961 3222 1029 3301 fiat,
1051 3223 1079 3287 si
1094 3222 1155 3287 tibi
1171 3223 1278 3288 damni

96 3325 206 3391 infeoti
230 3326 264 3390 in
288 3348 389 3391 annos
411 3326 521 3391 decem
543 3326 605 3391 viri
628 3327 704 3392 boui
720 3327 879 3392 arbitratu
905 3327 953 3393 vel
968 3330 1099 3392 nautum
1113 3327 1163 3391 vel
1180 3327 1276 3391 satis-

97 3430 208 3494 datum
240 3434 290 3495 est
313 3435 370 3494 aut
397 3429 573 3515 perillum
595 3453 659 3496 non
682 3436 761 3510 stat,
794 3454 857 3516 quo
880 3431 986 3496 minus
1009 3432 1069 3496 viri
1094 3432 1169 3496 boui
1192 3433 1279 3496 arbi-

97 3540 185 3599 tratu
208 3539 360 3600 caveatur
384 3535 434 3600 vel
459 3535 643 3613 satisdatum
667 3537 732 3601 vim
755 3536 824 3601 fieri
848 3536 948 3601 veto⁹.

186 3640 216 3703 5.
251 3638 309 3703 De
332 3640 372 3702 vi
395 3644 435 3704 et
457 3640 503 3704 de
525 3641 565 3704 vi
588 3640 787 3707 armata²⁰.
834 3665 863 3708 a.
887 3639 981 3707 Unde
1003 3642 1036 3707 in
1053 3641 1114 3706 hoo
1137 3664 1221 3707 auno
1244 3648 1281 3708 tu
1302 3639 1366 3719 3322:

96 3743 187 3808 illum
213 3744 245 3807 vi
267 3744 408 3809 deiecisti
431 3751 488 3810 aut
510 3746 634 3812 familia
656 3752 713 3812 tua
734 3747 883 3826 deiecit¹¹‚
915 3769 986 3812 oum
1010 3746 1065 3812 ille
1090 3749 1279 3832 possideret,

98 3848 182 3932 quod
205 3869 263 3913 neo
285 3849 318 3912 vi
340 3869 398 3914 neo
420 3850 502 3915 olam
525 3873 582 3916 neo
604 3854 745 3935 precario
769 3875 788 3916 a
810 3856 842 3917 te
864 3853 1040 3936 possideret
1054 3849 1099 3932 ¹¹,
1132 3874 1168 3917 eo
1192 3853 1283 3917 illum

170 3986 196 4055 1)
215 3984 253 4040 D.
271 3988 333 4054 43,9
350 3987 425 4041 ratr.
443 3992 467 4040 et
486 3990 559 4055 lpr.
578 4016 611 4026 -
630 3987 658 4055 2)
676 3984 805 4053 D.43,11
822 3987 896 4040 rictr.
914 3994 938 4041 et
956 3992 1031 4057 ηπ.
1051 4018 1085 4027 -
1104 3989 1131 4055 3)
1151 3987 1191 4042 D.
1206 3992 1284 4055 43,12

98 4072 170 4127 rubr.
188 4077 248 4128 etl
264 4090 306 4142 pr.
325 4103 359 4113 —
376 4074 406 4144 4)
424 4072 503 4127 Flor.
522 4072 587 4136 fiat;
615 4073 650 4142 cf.
670 4074 707 4127 D.
726 4077 881 4141 43,12‚1,22.
910 4105 943 4113 -
969 4077 995 4140 5)
1015 4074 1089 4128 lum.
1108 4079 1174 4138 1‚19.
1204 4105 1235 4115 -
1255 4077 1283 4146 6)

98 4157 134 4212 D.
151 4162 230 4228 1333
252 4160 326 4215 mbr.
346 4164 404 4215 etl
419 4176 461 4228 pr.
486 4190 522 4199 -
543 4160 568 4227 7)
590 4160 661 4214 luia
681 4165 743 4226 ML
764 4192 798 4200 -
817 4163 844 4230 8)
862 4160 900 4217 D.
919 4164 995 4228 rani
1014 4162 1088 4215 ναὸν.
1108 4169 1133 4216 et
1152 4168 1166 4215 1
1184 4180 1230 4231 pr.
1249 4194 1284 4202 —

98 4245 125 4314 9)
143 4245 181 4300 D.
199 4249 276 4310 43,15
292 4247 366 4302 ratr.
385 4253 410 4300 et
427 4251 443 4300 1
459 4262 502 4316 pr.
527 4276 559 4285 -
591 4247 633 4317 10)
653 4247 739 4301 Rutr.
759 4247 796 4303 D.
814 4250 902 4315 43,16.
930 4277 964 4287 -
998 4247 1040 4315 ll)
1059 4247 1096 4301 D.
1120 4251 1223 4314 43,16,1
1238 4267 1282 4319 pr.

105 4331 220 4388 Veterem
236 4334 318 4388 tuias
335 4334 473 4388 damulae
490 4335 684 4403 marritionem
702 4336 804 4390 anteibat
842 4334 895 4389 oie
913 4352 940 4403 p.
963 4334 1052 4389 Tullio
1071 4339 1155 4402 19,st
1177 4366 1210 4377 -
1239 4338 1282 4406 12)

100 4417 154 4475 oie.
172 4420 189 4474 1.
210 4437 240 4485 n,
258 4437 282 4474 a.
301 4420 337 4474 Ε.
358 4420 392 4477 P.
405 4438 435 4490 p.
454 4424 505 4476 371
521 4438 578 4491 sqq.
