2992 5040
680 344 811 399 Isidorus.

152 524 206 598 tit,
230 523 404 587 debitorem
429 523 461 586 in
485 523 682 606 possessione
704 519 797 584 fundi
822 520 883 582 sibi
908 519 1044 602 obligati
1065 518 1222 583 demorari
1246 523 1277 582 et
1301 540 1339 582 ex

152 649 192 691 eo
216 628 339 691 fructus
363 648 483 711 capere.

243 729 359 809 V25‚
385 732 436 794 19.
482 729 738 813 Depositum
774 733 822 792 est
857 730 974 812 pignus
1009 729 1264 792 commendatum
1299 727 1338 791 ad

158 843 294 919 tempus,
323 835 414 919 quasi
438 835 491 897 diu
515 835 665 917 positum.

245 939 354 1012 V25,
379 942 429 1004 20.
478 938 616 1003 Interest
644 940 742 1001 -in
775 938 926 1021 loquendi
958 960 1018 1002 usu
1045 939 1128 1002 inter
1160 940 1278 1023 pignus
1308 945 1340 1004 ct

158 1068 274 1108 arram.
321 1044 406 1109 Nam
431 1046 589 1129 pignus
611 1050 676 1121 est,
709 1044 793 1129 quod
817 1045 911 1108 datur
934 1048 1064 1128 propter
1087 1066 1152 1108 rem
1175 1045 1339 1120 creditam,

158 1173 241 1234 quae
264 1152 339 1214 dum
363 1150 517 1227 redditur,
541 1150 650 1213 statim
668 1151 786 1234 pignus
802 1147 957 1213 aufertur.
992 1149 1077 1214 Arra
1094 1170 1168 1213 vero
1185 1154 1242 1227 est,
1259 1172 1340 1233 quae

158 1255 296 1336 primum
328 1278 386 1338 pro
410 1277 443 1318 re
466 1255 569 1319 bonae
592 1254 665 1317 fidei
687 1257 852 1317 contractu
877 1259 984 1336 empta
1015 1275 1053 1317 ex
1078 1258 1167 1337 parte
1191 1255 1286 1319 datur
1309 1259 1341 1320 et

160 1364 269 1442 postea
302 1360 487 1441 completur.
536 1361 586 1422 21.
621 1359 680 1423 Est
709 1360 794 1422 enim
827 1381 900 1422 arra
928 1359 1123 1442 complenda.
1152 1382 1216 1423 non
1250 1360 1340 1424 aufe-

160 1465 273 1538 renda3
299 1466 381 1528 unde
406 1465 460 1546 qui
484 1464 582 1528 habet
605 1486 718 1537 arram,
743 1485 808 1526 non
832 1463 937 1527 reddit
960 1463 1041 1526 sicut
1065 1463 1191 1548 pignus,
1216 1465 1270 1528 sed
1286 1465 1340 1528 de·

160 1569 279 1632 siderat
302 1569 534 1653 plenitudinem
552 1609 602 1632 -.
649 1568 730 1632 Item
747 1571 830 1631 inter
846 1569 963 1651 pignus
979 1573 1011 1632 et
1026 1567 1172 1632 fiduciam
1190 1573 1223 1633 et
1237 1568 1340 1653 hypo·

154 1674 282 1738 thecam
310 1674 369 1738 hoc
393 1676 534 1739 interest.
583 1675 634 1737 22.
668 1673 826 1759 Pignus
855 1676 904 1735 est
926 1710 978 1748 -,
1011 1674 1096 1757 quod
1120 1677 1251 1758 propter
1273 1697 1340 1740 rem

158 1781 311 1844 creditam
335 1779 509 1862 obligatur,
534 1779 623 1841 cuius
644 1779 688 1840 rei
705 1778 934 1860 possessionem
952 1777 1052 1875 solam
1068 1779 1106 1842 ad
1124 1783 1249 1862 tempus
1265 1800 1339 1843 con·

159 1887 305 1969 sequitur
328 1886 479 1960 creditor;
504 1889 643 1948 ceterum
667 1883 841 1946 dominium
867 1903 962 1965 penes
985 1882 1159 1946 debitorem
1183 1889 1241 1948 est.
1285 1884 1339 1949 23.

159 1990 342 2054 Fiducia
365 1995 423 2066 est,
447 2011 518 2053 cum
543 2011 593 2052 res
609 1989 718 2071 aliqua
733 1988 904 2052 sumendae
921 1992 1050 2050 mutuae
1066 1989 1218 2071 pecuniae
1235 1989 1342 2073 gratia

158 2098 208 2159 vel
232 2097 435 2178 mancipatur
458 2095 508 2157 vel
530 2093 565 2157 in
580 2095 650 2156 iure
665 2093 797 2156 ceditur.
845 2093 896 2156 24.
922 2090 953 2154 H
961 2091 1171 2175 ypotheca
1194 2098 1338 2169 osteum

159 2224 207 2265 res
230 2202 449 2264 commodatur
472 2199 541 2262 sine
565 2198 764 2281 depositione
785 2196 941 2280 pignoris,
965 2197 1112 2278 pactione
1128 2197 1177 2260 vet
1194 2197 1341 2263 cautione

158 2307 227 2369 sola
249 2306 488 2368 interveniente.

246 2409 274 2471 V
298 2411 351 2484 25,
377 2412 428 2472 25.
476 2408 727 2471 Momentum
751 2407 871 2470 dictum
896 2429 915 2468 a
937 2409 1090 2490 temporis
1114 2408 1280 2487 brevitate,
1305 2416 1342 2474 nt

159 2538 254 2600 quam
280 2517 343 2581 cito
367 2537 462 2599 quam
487 2514 596 2577 statim
620 2514 709 2576 salvo
732 2512 865 2596 negotio
888 2512 1089 2587 reformetur,
1112 2536 1170 2578 uec
1192 2515 1339 2580 inultam

163 2644 282 2685 moram
307 2621 438 2704 produci
463 2621 585 2697 debeat,
611 2619 695 2703 quod
719 2617 875 2701 repetitur
898 2654 950 2681 -.
975 2617 1031 2697 (cf.
1055 2622 1123 2694 33.)

248 2725 273 2785 V
299 2729 352 2802 25,
376 2725 427 2790 30.
473 2724 688 2806 Usucapio
713 2741 758 2795 (ea
782 2731 897 2784 Boutta
924 2730 980 2784 ta
1006 2729 1080 2784 ade.
1100 2734 1177 2796 4,23,·
1204 2731 1238 2798 cf.
1257 2748 1342 2801 supra

155 2856 183 2905 p.
205 2842 258 2901 75).

251 2936 280 2999 V
305 2938 357 3012 25,
382 2935 433 2997 31.
478 2934 748 3016 Manoipatio
771 2935 858 2998 dicta
881 2939 939 3011 est,
964 2936 1040 3018 quia
1062 2956 1111 2998 res
1135 2954 1230 2998 manu
1253 2935 1340 3018 capi·

159 3048 227 3112 turz
252 3041 335 3104 unde
357 3044 485 3122 oportet
507 3061 589 3115 eum,
614 3040 670 3122 qui
694 3039 853 3122 mancipio
877 3039 1006 3122 accipit,
1029 3039 1294 3123 comprehendere
1308 3040 1340 3104 id

162 3149 277 3231 ipsum,
301 3146 383 3230 quod
409 3147 437 3208 ei
462 3145 620 3227 mancipio
644 3145 748 3208 datur.
1189 3164 1191 3168 ⁴

247 3250 277 3312 V
302 3253 354 3328 25,
379 3251 429 3313 32.
478 3250 621 3313 Cossio
646 3253 694 3313 est
717 3249 865 3333 propriae
888 3249 934 3314 rei
956 3250 1124 3313 concessio.

247 3356 277 3419 V
301 3358 353 3433 25,
371 3356 421 3420 33.
460 3353 750 3419 Interdictum
775 3359 832 3430 est,
856 3355 941 3438 quod
966 3377 985 3418 a
1006 3355 1109 3420 iudice
1132 3377 1195 3419 uon
1219 3356 1253 3419 iu
1269 3379 1339 3439 per-

160 3467 292 3545 petuum
315 3464 368 3526 sed
394 3484 452 3545 pro
468 3462 672 3525 reformando
695 3465 856 3524 momento
873 3461 912 3524 ad
929 3465 1053 3543 tempus
1069 3460 1197 3524 interim
1215 3460 1340 3531 dicitur,

159 3568 250 3630 salva
274 3568 490 3651 propositione
514 3566 648 3630 actionis
672 3567 748 3629 eius.

248 3670 352 3749 V2d‚
379 3673 427 3738 18.
476 3671 747 3735 Internecivi
779 3671 931 3734 iudicium
956 3672 989 3734 in
1012 3693 1083 3733 eum
1108 3670 1253 3745 dabatur,
1287 3671 1342 3754 qui

159 3776 277 3840 fatsum
307 3781 534 3842 testamcutum
562 3774 682 3838 fecerat
705 3781 737 3837 et
759 3775 801 3839 ob
824 3775 855 3838 id
880 3775 1040 3839 hominem
1065 3775 1230 3839 occiderat.
1279 3775 1341 3839 Ac·

156 3887 338 3945 ousstorem
362 3882 429 3945 eius
452 3880 611 3964 possessio
636 3880 791 3943 bonorum
815 3877 1033 3962 sequebatur⁸.

248 3986 278 4050 V
304 3986 356 4061 27,
381 3988 432 4050 23.
480 3986 540 4049 Est
562 3989 595 4049 et
618 3983 766 4048 latomia²
799 3983 948 4067 supplicii
983 4004 1082 4068 genus
1106 3985 1144 4047 ad
1169 3985 1340 4048 verberan-

157 4090 257 4154 dum⁸
292 4096 420 4174 aptum,
455 4090 620 4153 inventum
655 4087 873 4171 a'farquinio
905 4085 1048 4169 Superbo
1071 4124 1123 4153 —.
1171 4085 1234 4152 Iste
1257 4089 1340 4153 enim

161 4194 248 4276 prior
271 4195 430 4267 latomias,
454 4199 623 4268 tormenta,
648 4191 759 4271 fustes,
785 4190 915 4255 metalla
939 4198 1034 4275 atque
1053 4191 1149 4255 exilia
1165 4193 1339 4258 adinvenit.

203 4305 258 4399 .-U
279 4332 321 4400 Cf.
343 4333 414 4386 Fest.
436 4331 651 4385 tuternecivum.
672 4361 706 4369 -
725 4330 752 4399 2)
772 4328 860 4383 Fert:
881 4327 1049 4382 Lautumias
1067 4360 1100 4368 —
1119 4329 1341 4399 aSyracusanis

156 4422 206 4490 qui
225 4424 352 4486 λατομίας
373 4451 405 4458 -
425 4420 532 4473 habent
551 4418 587 4472 ad
607 4419 698 4472 instar
717 4417 843 4472 carceris.
863 4446 897 4458 —
915 4418 942 4486 3)
961 4416 1059 4471 emetiri.
1079 4416 1301 4471 carcerandum‘?
