2992 5040
227 313 271 375 28
766 309 871 364 Festus.

229 490 266 554 F.
290 494 366 553 234.
415 486 588 551 Privato
610 493 740 570 sumptu
763 509 796 550 se
811 487 940 551 alebant
956 489 1073 552 milites
1091 488 1228 554 Romani
1245 513 1347 573 paene
1366 489 1406 554 ad

227 594 259 657 id
283 599 418 676 tempus,
441 614 504 676 quo
528 589 630 655 Roma
653 598 746 675 capta
770 597 819 657 est
841 614 860 656 a
882 592 993 657 Gallis.
1040 597 1074 656 P.
1100 600 1176 661 235.

229 698 375 762 Privos
399 699 567 781 privasque
591 697 717 780 antiqui
740 696 887 761 dicebant
908 720 965 781 pro
981 697 1131 783 singulis3
1153 699 1195 763 ob
1215 721 1311 783 quam
1328 722 1403 763 cau·

225 826 294 867 sam
318 808 351 866 at
374 802 517 885 ‘privata'
541 802 702 878 dicuntur,
726 824 807 885 quse
829 803 1076 888 uniuscuiusque
1090 805 1172 879 sint3
1197 805 1272 869 hinc
1289 809 1322 869 et
1338 806 1405 887 pri·

229 909 378 993 vilegium
403 912 435 971 et
457 907 602 991 privatus
626 914 696 970 cett.
744 912 778 970 P.
801 912 884 971 226.

229 1012 437 1077 Probrum
459 1011 592 1096 virginis
617 1010 758 1076 Vestalis
783 1018 818 1075 ut
841 1014 944 1095 capite
967 1012 1143 1096 puniretur,
1168 1015 1228 1087 vir,
1253 1014 1310 1098 qui
1336 1037 1405 1079 eam

227 1119 455 1196 incestavisset,
480 1118 665 1181 verberibus
689 1117 884 1195 necaretnr¹,
907 1117 968 1195 lex,
992 1118 1056 1182 fixa
1071 1119 1104 1182 in
1121 1120 1204 1184 atrio
1220 1119 1404 1193 Libertatis,

225 1246 297 1287 cum
322 1224 431 1288 multis
455 1224 514 1286 alis
538 1223 662 1306 legibus
685 1222 830 1287 incendio
853 1229 1040 1306 consumpta
1063 1231 1122 1299 est,
1146 1229 1182 1287 ut
1203 1226 1249 1288 ait
1266 1225 1310 1287 Μ.
1328 1223 1406 1289 (lato

228 1330 260 1392 in
284 1351 321 1393 ea
343 1328 496 1402 oratione,
520 1350 583 1411 qua
607 1328 645 1391 de
668 1327 844 1410 auguribus
867 1327 1062 1392 inscribitur.
1110 1329 1149 1392 F.
1173 1335 1249 1392 241.

226 1434 316 1497 ‘l'ro
339 1456 461 1498 censu
486 1433 596 1496 classis
613 1433 784 1496 iuniorum'
808 1431 874 1496 Ser.
890 1432 1015 1497 Tullius
1038 1455 1109 1497 cnm
1126 1433 1207 1496 dixit
1222 1434 1254 1496 in
1272 1433 1406 1516 discrip-

227 1540 314 1602 tione
337 1537 571 1613 centuriarum,
603 1538 702 1620 accipi
726 1538 820 1601 debet
844 1538 886 1600 ‘in
910 1541 1025 1616 censu',
1049 1543 1086 1602 ut
1108 1537 1154 1601 ait
1177 1536 1220 1600 M.
1246 1537 1352 1601 Varro
1375 1538 1406 1600 iu

229 1645 248 1708 l.
273 1641 319 1707 VI
342 1664 447 1708 rerum
471 1643 701 1717 humanarum,
732 1642 826 1706 sicuti
858 1663 916 1724 pro
940 1643 1015 1706 aede
1038 1640 1188 1719 Castoris,
1222 1664 1280 1725 pro
1303 1642 1406 1705 tribn-

226 1748 303 1825 uali,
328 1769 385 1832 pro
408 1747 602 1811 testimonio.
650 1747 690 1810 F.
714 1752 791 1810 246.

227 1853 349 1919 Ριοοί
360 1875 379 1916 ιι
390 1857 456 1916 cta
480 1852 614 1936 cladsco
629 1853 796 1916 dicebatur
812 1854 971 1917 exercitus
987 1852 1043 1934 ccl]
1060 1851 1215 1935 proelium
1231 1851 1406 1915 instructus

224 1964 259 2022 et
275 1956 450 2041 ps[rutus²,
473 1980 564 2038 prtem
583 1956 678 2021 Diali
692 1957 821 2036 sturnini
836 1956 957 2040 vildere
974 1978 1036 2019 non
1053 1955 1144 2020 licet:
1163 1956 1308 2038 ant[iqui
1324 1956 1405 2019 euim

205 2065 423 2143 ¹procinctum
446 2063 615 2143 donorum]
640 2061 800 2139 dixerunt,
823 2065 860 2125 ut
875 2084 959 2125 nunc
975 2082 1101 2145 qnoque
1125 2061 1266 2144 [diction
1292 2063 1350 2142 qui
1365 2061 1408 2124 od

226 2169 383 2244 ‹rperrdum
407 2167 588 2249 explodiltus
611 2171 669 2231 est.
716 2165 884 2230 Prociucta
906 2171 1013 2230 autem
1038 2164 1122 2252 [tcpu
1147 2163 1288 2229 Romani
1315 2164 1405 2249 olim]

226 2271 266 2334 ad
291 2293 430 2357 pugnam
461 2272 507 2335 ire
536 2269 642 2354 solit[·i
666 2278 759 2347 surm·
791 2272 875 2335 reside
902 2276 932 2335 et
954 2267 1161 2355 testo-meu]tn
1183 2269 1217 2332 in
1240 2269 1408 2351 procinctu

226 2378 296 2443 lieri
321 2375 496 2463 [dissutum
519 2378 596 2458 quio
619 2382 693 2439 urile
714 2397 856 2455 pstquam
878 2375 985 2457 fissit}
1025 2375 1065 2440 F.
1087 2378 1164 2439 249.
1211 2372 1409 2437 Prociuc·

227 2486 306 2545 tom
329 2481 470 2555 classem,
495 2480 528 2544 id
552 2486 601 2544 est
623 2485 767 2564 paratam
793 2481 833 2544 ad
856 2479 976 2544 bellum
1001 2479 1139 2544 militum
1156 2479 1408 2547 multitudinem.

229 2587 312 2650 lliali
336 2587 458 2651 flamini
484 2586 588 2650 videre
613 2608 676 2649 nou
702 2584 804 2649 licuit.
851 2585 885 2648 P.
910 2589 986 2649 248.

228 2691 456 2755 Prociucta
486 2691 594 2754 classis
619 2690 796 2766 dicebatur,
829 2712 899 2754 curu
924 2691 1080 2754 exercitus
1103 2688 1225 2753 cinctus
1248 2693 1319 2752 erat
1342 2687 1405 2752 Ga·

227 2797 303 2861 binc
327 2795 431 2858 cinctu
456 2794 623 2859 confestim
648 2801 866 2879 pugnaturum
902 2793 1073 2859 vetustius⁸
1101 2795 1183 2858 enirn
1207 2792 1272 2858 fnit
1295 2793 1408 2857 multi-

227 2902 369 2966 tudinem
394 2900 567 2977 hominem,
591 2924 687 2985 quam
714 2902 853 2975 nsvium,
877 2899 1007 2964 classem
1033 2898 1196 2983 appellari.
1245 2896 1281 2961 P.
1305 2901 1385 2961 225.

228 3006 401 3071 Procitu
412 3029 442 3069 ιιι
459 3009 684 3070 testamentum
701 3004 865 3067 dicebatur
880 3004 968 3068 velut
980 3003 1166 3086 procitnm⁴.
1184 3006 1405 3084 provocatum,

225 3111 256 3174 id
274 3117 322 3175 est
337 3111 465 3175 irritum
480 3132 516 3174 ac
535 3115 675 3193 ruptum.
703 3109 736 3173 P.
754 3114 832 3172 225.
858 3108 928 3188 (Of.
944 3109 978 3172 P.
991 3113 1060 3171 225
1074 3129 1099 3169 v.
1114 3104 1322 3170 Procitan
1335 3104 1371 3188 t.)

228 3214 404 3279 Procum
429 3215 595 3298 patricium
622 3214 653 3276 in
679 3213 886 3296 discriptione
909 3213 1084 3288 classium⁶,
1116 3232 1212 3295 quam
1236 3209 1313 3274 fecit
1337 3209 1403 3274 Ser.

224 3320 361 3398 Tullius,
385 3321 546 3400 significat
562 3341 744 3402 procerum;
771 3319 798 3381 i⁰
822 3319 907 3382 enim
923 3324 998 3381 sunt
1015 3317 1182 3401 principes.
1215 3314 1298 3380 Nem
1318 3316 1405 3399 proci

222 3428 382 3501 dicuntur,
407 3427 461 3509 qui
486 3429 619 3508 poscunt
643 3425 783 3508 aliquam
809 3424 840 3486 in
859 3423 1109 3498 matrimonium,
1134 3418 1252 3485 Graece
1269 3430 1407 3503 μνηστῇ·

224 3529 305 3611 ρεςῚ.
353 3529 411 3592 Est
434 3529 517 3592 enim
541 3551 670 3612 procare
697 3550 834 3613 poscere,
860 3532 895 3591 ut
918 3550 988 3592 cum
1012 3527 1128 3591 dicitur
1150 3526 1182 3589 in
1203 3525 1306 3589 iudice
1330 3547 1405 3590 con·

298 3772 322 3837 l)
342 3771 529 3837 Locutus:
551 3771 622 3824 duae
639 3769 764 3823 Vestales
777 3786 809 3824 eo
822 3785 897 3823 anno
915 3771 952 3835 (ιι.
967 3788 989 3822 c.
1000 3772 1068 3827 538),
1089 3769 1201 3838 Opimia
1217 3771 1246 3823 et
1260 3767 1406 3830 t'loronin,

225 3857 316 3926 stupri
336 3861 501 3925 compertae,
522 3858 615 3911 attera
633 3856 685 3908 sub
706 3859 793 3918 terra,
813 3859 845 3908 ut
863 3872 922 3910 mos
940 3859 991 3919 est,
1010 3854 1046 3909 ad
1065 3857 1178 3924 portam
1197 3852 1338 3909 Collinam
1358 3869 1407 3907 ne·

224 3947 298 4006 cate,
318 3944 411 3997 altera
429 3945 541 3999 sibimet
560 3945 621 4012 ipsa
641 3946 758 3998 mortem
778 3942 960 3997 consciverat.
999 3941 1027 3995 t.
1044 3941 1182 3995 Cantilius
1201 3939 1293 3994 scriba
1309 3939 1407 4016 ponti·

226 4031 315 4093 fictus,
344 4030 391 4098 qui
417 4047 478 4084 cum
500 4030 629 4085 Floronia
648 4034 775 4100 stuprum
796 4031 912 4090 lecerat.
942 4028 1107 4098 spontifice
1125 4029 1248 4084 marimo
1266 4045 1299 4083 cc
1318 4044 1406 4097 nsque

228 4117 313 4184 virgis
331 4117 361 4170 in
381 4117 494 4172 comitio
513 4134 608 4172 caesus
627 4120 678 4178 est,
699 4120 730 4171 ut
748 4117 823 4171 inter
844 4117 961 4170 verbera
978 4116 1128 4184 expiraret.
1167 4116 1209 4183 Cf.
1228 4115 1301 4169 Suet.
1323 4114 1406 4168 Dom.

220 4212 242 4255 o·
260 4212 284 4258 et
304 4205 377 4271 iufra
396 4221 418 4258 c.
432 4203 596 4258 Sceleratus.
617 4235 647 4244 -
667 4205 694 4271 2)
716 4203 757 4271 Cf.
777 4221 862 4271 sispro
885 4221 906 4256 o.
923 4202 1024 4272 Opima
1043 4208 1066 4256 et
1086 4208 1138 4255 tom
1166 4202 1186 4255 Ι
1198 4219 1225 4270 ρ,
1239 4205 1283 4267 8,4
1303 4208 1328 4254 et
1344 4219 1373 4269 p.
1389 4208 1407 4254 9

225 4308 252 4342 ιι.
272 4296 295 4343 1.
317 4320 349 4328 -
368 4292 396 4351 3)
417 4291 552 4345 vetustius
572 4290 605 4356 G,
631 4292 756 4345 uetustus
776 4289 817 4342 M.
839 4319 870 4328 -
899 4292 924 4351 4)
943 4292 981 4343 sic
1000 4290 1071 4343 libri.
1094 4318 1125 4330 -
1144 4292 1172 4350 5)
1190 4287 1325 4343 ceessinm
1345 4288 1404 4342 cod.

226 4406 259 4415 -
279 4380 306 4439 6)
326 4377 449 4431 .i.cod.
470 4408 502 4416 -
522 4379 549 4446 7)
569 4393 648 4445 grece
702 4375 896 4430 NHCTHPEC
915 4377 972 4430 cod.
