2992 5040
210 300 252 364 46
747 298 852 355 Festus.

209 476 370 541 ‘libertes¹
400 479 500 543 salve!
535 481 650 563 vapula
681 479 809 563 Papiria
820 480 839 544 l'
885 480 931 545 ‘Iu
965 478 1122 545 barbaris*
1152 485 1201 543 est
1233 480 1266 542 iu
1293 477 1392 542 Itulie

209 588 275 646 cett.
323 584 360 647 L.
384 588 461 649 372.
511 586 577 649 Mo.
602 589 655 651 80.

212 685 409 772 Vectigal
433 689 501 754 aes¹
526 691 721 774 appellatur,
746 691 830 774 quod
854 692 895 756 ob
911 690 1067 755 tributum
1091 695 1124 754 et
1140 689 1337 773 stipendium
1361 693 1393 754 et

210 813 264 856 aes
286 793 447 878 equestre⁸
471 799 502 858 et
524 793 741 860 hordiacium⁴
766 798 884 880 populo
909 797 1050 861 debetur.
1097 797 1134 860 L.
1150 801 1223 862 371.
1251 796 1320 861 Mo.
1340 800 1391 860 78.

211 895 369 960 Veluti
399 898 662 983 appellabantur⁸
692 901 800 966 vestiti
823 907 856 966 et
878 903 1029 980 inermes,
1063 902 1118 986 qui
1141 900 1317 965 exercitum
1343 921 1392 963 se·

210 1002 392 1084 <urebantur
415 1003 533 1087 quique
556 1005 588 1068 iu
613 1011 814 1070 mortuorum
839 1008 978 1072 militurn
1000 1007 1069 1071 loco
1084 1005 1392 1071 substituebantur⁸.

212 1104 251 1170 P.
276 1113 349 1172 369.

210 1208 493 1278 Venditioues
517 1215 595 1279 olim
612 1215 821 1281 dicebantur'
844 1237 1009 1280 censorum
1027 1215 1210 1291 locationes,
1235 1214 1321 1299 quod
1339 1237 1392 1280 ve·

212 1317 260 1381 lut
284 1319 423 1384 fructus⁸
447 1322 589 1386 locorum
612 1321 833 1405 publicorum⁹
857 1320 1063 1385 venibaut¹⁰.
1095 1320 1132 1382 L.
1148 1323 1222 1384 376.
1253 1318 1322 1383 Mo.
1339 1324 1392 1384 83.

211 1420 284 1488 Ver
306 1446 460 1489 sacrum
488 1426 623 1490 vovendi
651 1449 719 1491 mos
742 1425 809 1490 fuit
832 1425 933 1491 Italis.
981 1423 1110 1508 Magnis
1133 1424 1218 1488 enim
1241 1424 1393 1508 periculis

211 1526 339 1593 adducti
373 1530 545 1607 vovebant,
579 1552 786 1616 quaecunque
816 1530 959 1614 proximo
983 1551 1056 1593 vere
1079 1532 1156 1592 nata
1178 1534 1285 1594 essent
1309 1530 1393 1614 apud

211 1656 245 1698 se
268 1633 429 1712 animalia,
454 1635 685 1701 immolaturos.
721 1634 781 1700 Sed
805 1658 877 1700 cum
900 1634 1026 1700 crudele
1042 1634 1203 1698 videretur
1225 1656 1341 1718 pueros
1358 1657 1393 1700 ac

210 1737 333 1821 puellas
356 1738 540 1804 innocentes
564 1740 762 1815 interficere,
796 1740 965 1825 perductos
987 1739 1059 1803 in¹¹
1088 1738 1230 1803 adultam
1255 1745 1392 1804 aetatem

212 1841 361 1908 velabant
384 1848 481 1928 atque
504 1845 552 1908 ite
575 1851 666 1909 extra
691 1846 812 1909 fines¹¹
839 1867 912 1909 suos
937 1842 1162 1928 exigebant¹³.
1210 1842 1249 1908 P.
1273 1850 1390 1910 379.¹⁴

211 1947 429 2012 Versursm
454 1950 557 2014 facere
581 1954 724 2013 mutuam
749 1950 916 2033 pecuniam
941 1970 1065 2012 sumere
1088 1971 1125 2012 ex
1149 1968 1192 2021 eo,
1208 1948 1331 2013 dietum
1346 1955 1393 2014 est

211 2052 296 2137 quod
320 2053 412 2117 initio
437 2053 492 2137 qui
517 2055 749 2118 mutuabantur
772 2054 813 2118 ab
836 2053 927 2130 aliis,
953 2075 1017 2117 uon
1046 2058 1083 2116 ut
1106 2053 1235 2117 domum
1259 2053 1392 2131 ferrent,

210 2159 265 2222 sed
289 2162 325 2221 ut
348 2158 420 2222 aliis
442 2159 612 2237 solverent,
638 2160 727 2223 velut
751 2163 912 2223 verterent
936 2157 1134 2223 creditorem.
1180 2157 1220 2221 P.
1244 2164 1320 2224 379.

212 2263 417 2346 Vespae¹⁵
444 2269 475 2327 et
499 2264 765 2347 vespillones
782 2267 815 2305 ¹⁶
846 2265 1005 2337 dicuntur,
1034 2262 1090 2346 qui
1112 2261 1300 2327 funerandis
1324 2286 1394 2329 cor·

213 2368 381 2452 poribus¹⁷
411 2368 553 2432 officium
569 2372 697 2452 gerunt,
722 2388 785 2431 uon
811 2366 869 2431 e¹⁸
896 2366 1029 2430 minutis
1045 2366 1110 2429 illis
1127 2368 1324 2447 volucribus,
1340 2371 1393 2435 sed

211 2473 287 2556 quia
312 2472 491 2556 vespertino
522 2477 664 2555 tempore
689 2493 742 2537 eos
766 2471 968 2547 efferunt¹⁹‚
1001 2472 1056 2554 qui
1079 2470 1248 2536 funebri²⁰
1276 2496 1394 2558 pompa

211 2578 283 2642 duci
307 2583 437 2662 propter
460 2578 600 2660 inopiam
624 2582 789 2662 nequeunt
812 2584 881 2642 celi.
929 2578 968 2640 P.
992 2580 1067 2641 368.

215 2680 429 2765 Vesticeps
452 2703 529 2765 puer
554 2683 608 2766 qui
632 2683 696 2747 ium
720 2682 855 2747 vestitus
879 2686 927 2746 est
950 2681 1140 2765 pubertate3
1162 2700 1179 2744 e
1201 2685 1315 2746 contra
1338 2683 1390 2747 in·

213 2788 309 2852 vestis
332 2787 386 2871 qui
410 2786 543 2850 necdum
566 2786 736 2870 pubertate
761 2787 895 2852 vestitus
919 2789 978 2849 est.
1026 2784 1065 2848 P.
1090 2788 1167 2850 368.

213 2892 358 2957 Vise²¹
394 2897 469 2955 sunt
492 2897 523 2956 et
546 2891 701 2976 publicae,
735 2914 792 2976 per
815 2890 909 2976 [quos
932 2893 981 2954 s'rc
1004 2888 1113 2971 oqcrle
1135 2887 1283 2951 omuibus
1307 2888 1392 2967 ficet,

214 3153 248 3217 S,
272 3158 301 3207 et
320 3154 475 3221 esequestre
495 3153 602 3214 ...A,
630 3157 659 3205 et
683 3168 717 3205 ex
736 3155 864 3221 equestre
885 3151 927 3217 R;
955 3151 1072 3204 restituit
1092 3148 1149 3201 Mo.
1175 3178 1207 3186 -
1233 3150 1262 3217 4)
1280 3149 1396 3206 hordiar

278 3242 313 3303 A,
341 3228 492 3301 hordia-Ii,
513 3238 612 3294 hordia
633 3238 664 3293 S.
685 3269 717 3278 -
737 3239 767 3305 5)
787 3237 968 3308 appellantur
986 3236 1026 3290 M.
1046 3265 1080 3274 -
1099 3235 1127 3303 6)
1147 3236 1242 3306 (1191.
1263 3236 1396 3308 Adscrip-

212 3328 272 3383 ticii
295 3333 319 3381 et
338 3327 370 3380 P.
389 3329 519 3380 118193.
548 3355 581 3367 -
608 3328 636 3396 7)
661 3324 734 3381 uend
842 3343 888 3379 um
909 3325 1074 3380 dicebantur
1092 3327 1126 3376 A.
1158 3354 1188 3362 -
1218 3324 1247 3387 8)
1266 3325 1346 3379 velut
1369 3367 1396 3382 ..

213 3418 292 3470 uetus
311 3418 344 3468 A.
372 3446 406 3453 -
434 3414 461 3483 9)
480 3412 654 3483 publicorum
673 3412 798 3470 locorum
818 3412 852 3466 11.
878 3443 904 3450 -
927 3413 970 3476 lo)
987 3413 1022 3481 91.
1044 3410 1219 3466 venditiones
1237 3428 1288 3468 om.
1309 3412 1341 3482 Q.
1360 3444 1395 3454 -

215 3505 258 3568 11)
276 3502 305 3555 in
324 3518 373 3555 om.
393 3501 426 3556 G.
450 3532 482 3540 -·
512 3499 555 3569 12)
574 3501 628 3553 fine
649 3500 682 3555 (1.
709 3531 744 3538 -
771 3501 812 3567 13)
831 3499 963 3554 exiebant
982 3498 1022 3554 Μ.
1043 3529 1075 3538 -
1097 3500 1140 3566 ll)
1161 3498 1204 3567 Os.
1223 3498 1284 3554 Ls'c.
1305 3504 1395 3569 2210,

212 3617 244 3627 -
267 3589 307 3654 15)
330 3590 441 3657 vespate
461 3587 500 3640 Μ.
519 3615 554 3626 -·
574 3586 618 3655 16)
637 3584 680 3650 cf.
695 3585 733 3639 D.
746 3589 839 3652 ³6,1,7.
862 3616 891 3624 -
914 3587 957 3653 11)
975 3587 1097 3656 corporis
1119 3584 1158 3642 Μ.
1178 3615 1212 3625 -
1233 3586 1279 3651 18)
1293 3604 1351 3643 non
1365 3590 1393 3658 a]

213 3691 278 3728 nam
298 3674 337 3726 M.
356 3704 389 3713 —
411 3676 453 3741 19)
471 3673 592 3730 offerunt
610 3672 651 3738 Μ,
674 3672 830 3727 effecerunt
849 3673 881 3727 G.
901 3703 934 3712 —
954 3673 999 3745 20)
1017 3673 1143 3728 funebris
1155 3672 1191 3728 G:
1208 3704 1243 3713 —
1261 3675 1309 3743 21)
1321 3677 1396 3744 Apo·

208 3762 313 3830 erupto
332 3762 385 3814 diso
402 3767 544 3830 supersunt
562 3761 675 3814 articuli
691 3764 719 3813 s'u
739 3761 884 3829 arciselypo
902 3760 1029 3822 mutilati,
1048 3762 1162 3814 clarum
1174 3761 1273 3816 codicis
1289 3762 1387 3817 111100.-

213 3848 275 3903 viae
294 3852 360 3902 sunt
384 3852 412 3902 et
431 3847 559 3917 publices
578 3864 627 3917 per
651 3888 736 3902 .....
759 3865 774 3902 e
795 3847 924 3903 omnibus
944 3847 1010 3902 lieet
1027 3851 1056 3903 et
1074 3849 1204 3917 privatae
1222 3850 1324 3918 quibus
1342 3867 1391 3905 ne·

213 3936 315 3991 minem
334 3936 376 3989 uti
395 3976 459 3990 ....
480 3938 591 4005 praeter
609 3953 704 3990 eorum
724 3953 846 4005 quorum
865 3936 931 3988 sunt
949 3938 978 3989 et
991 3951 1040 3989 ese
1053 3935 1181 4005 prisatse
1200 3951 1233 3990 ve
1251 3976 1277 3988 ..
1294 3977 1317 3990 ..
1330 3938 1393 3991 ulss

213 4021 357 4078 muniente
381 4023 508 4078 onisuudi
535 4022 730 4092 lapidescunt
839 4038 896 4092 qua
916 4022 990 4077 volet
1008 4021 1134 4078 iumento
1153 4020 1248 4090 sgito,
1276 4024 1392 4078 dmm

207 4108 326 4179 plenius,
354 4111 400 4164 sed
421 4112 505 4179 succis
527 4112 715 4179 iuterpolotum
739 4118 762 4165 ei
789 4111 910 4164 hiatibus
930 4110 1015 4164 coecis
1032 4110 1203 4164 obscuratum
1222 4109 1327 4163 libris
1354 4111 1396 4175 (R

211 4199 300 4251 orrrrsit
319 4203 411 4264 tolum,
431 4197 454 4266 (l
471 4198 548 4251 liutet
565 4199 651 4251 solum
670 4199 779 4257 lemma)
799 4198 861 4252 boc:
887 4197 949 4252 riae
961 4201 1027 4251 sunt
1039 4202 1067 4252 et
1080 4196 1211 4267 publices
1223 4200 1252 4251 et
1262 4197 1394 4268 privatae

212 4284 339 4353 publicae
358 4303 406 4354 per
424 4303 494 4353 quus
511 4285 552 4339 ire
570 4285 699 4340 omuibus
719 4285 788 4339 licet
810 4287 939 4354 privatae
958 4284 1057 4353 quibus
1077 4284 1181 4338 nemini
1201 4287 1230 4338 et
1251 4285 1305 4339 hae
1326 4284 1394 4339 VIII

212 4370 294 4439 pedes
320 4370 349 4424 iu
375 4369 527 4425 latitudine
555 4372 615 4426 iure
639 4378 668 4426 et
687 4373 748 4441 lege
776 4373 890 4443 publice
914 4376 1054 4442 quantum
1079 4373 1153 4427 ratio
1172 4371 1309 4427 utilitatis
1329 4390 1395 4443 per·
