2992 5040
550 331 598 387 SC.
618 332 815 388 Claudianum.
1229 336 1289 402 187

114 507 173 561 riae
186 505 309 577 Scapula
327 508 386 562 siria
403 507 486 562 datio
503 509 529 562 is
549 514 588 562 est
605 509 654 576 qai
671 507 849 562 Britanniam
869 509 940 563 rexit
960 512 1030 562 a.47
1048 524 1127 576 saepe
1144 525 1294 563 coaemcrno·

112 601 187 649 amaa
203 594 280 664 apud
295 594 427 663 Tacitum,¹
444 596 537 665 itaqeec
555 594 608 650 SC.
626 595 664 650 ad
681 602 782 650 certam
799 596 911 650 denua
923 597 1043 651 consalin
1055 612 1150 650 ramnes
1160 597 1296 666 appellen

115 682 207 747 ndei,
220 697 281 735 cam
293 683 376 737 eiiam
394 683 452 738 alia
464 682 539 738 aaa
557 702 575 738 a
592 683 709 738 cenando
726 685 943 739 cenomanorum
955 684 1095 747 bannim,
1107 689 1139 738 at
1155 683 1218 739 Veli.
1234 683 1294 747 Tre·

115 768 169 824 dell
183 768 292 824 laneat.
317 768 375 839 Quo
394 787 467 825 anno
485 772 608 826 consedes
625 772 649 825 ii
666 772 756 834 fasces
772 772 917 841 peccarint,
930 772 1080 842 ipaoratar,
1098 772 1241 843 niei'paod
1258 790 1292 828 ea

116 872 200 925 capra
211 855 294 911 diem
311 857 474 927 inteileyitar
486 858 580 925 sactes
597 874 655 912 aesc
672 865 734 913 aare
751 877 776 914 a
794 862 837 914 47.

192 978 359 1052 (Ulpianus
385 982 403 1038 l.
427 979 512 1039 XIV
536 981 578 1039 ad
599 980 774 1040 Sadmam':
800 979 885 1054 Scio,
906 981 986 1057 quod
1008 980 1118 1041 factum
1141 986 1186 1042 est
1206 984 1294 1044 Glau-

112 1072 203 1133 dianis
230 1075 415 1150 temporibus
444 1074 589 1155 Vell(a)e0
612 1075 691 1135 Rufo
719 1079 750 1134 et
772 1076 888 1137 Osterio
909 1077 1037 1154 Scapula
1057 1098 1115 1138 cos.
1137 1077 1173 1138 de
1194 1079 1293 1157 adsig-

114 1169 216 1230 nandis
237 1170 352 1230 libertis
373 1170 403 1229 in
424 1171 495 1231 haec
518 1172 606 1231 verba
626 1176 774 1250 caveturt)

197 1268 260 1347 δί’,
295 1269 350 1354 qui
374 1270 453 1333 duos
483 1270 630 1354 pluresve
662 1268 779 1336 liberos
812 1271 906 1336 iustis
929 1271 1051 1355 nuptiis
1075 1272 1238 1356 quaesitos
1260 1274 1294 1337 in

115 1379 270 1458 potestate
293 1373 437 1452 haberet,
462 1375 500 1439 de
516 1375 634 1440 liberto
659 1375 814 1440 libertave
829 1397 888 1440 sna
903 1376 1126 1461 significasset,
1149 1378 1238 1443 cuius
1254 1400 1294 1443 ex

112 1479 215 1544 liberis
249 1477 316 1543 auis
346 1501 417 1543 eum
442 1479 594 1544 libertum
618 1501 730 1544 eamve
753 1479 900 1545 libertam
924 1503 993 1546 esse
1016 1483 1124 1560 vellet,
1157 1484 1184 1547 is
1207 1503 1293 1561 eave,

114 1584 301 1668 quandoque
325 1584 362 1661 is,
386 1582 440 1667 qui
464 1604 536 1648 enm
560 1604 669 1647 eamve
691 1583 880 1647 manumisit
902 1584 987 1650 inter
1009 1587 1098 1651 vivos
1120 1586 1171 1651 vel
1193 1591 1292 1652 testa

115 1693 229 1767 mento,
253 1689 287 1753 in
312 1688 441 1753 civitate
464 1707 532 1751 esse
551 1686 695 1764 desisset,'
716 1686 803 1751 solus
820 1687 849 1751 ei
864 1691 1020 1771 patronus
1035 1690 1142 1754 solave
1158 1694 1293 1774 patrona

113 1799 200 1871 esset,
226 1793 357 1878 perinde
380 1797 476 1877 atque
498 1792 526 1856 si
549 1792 590 1856 ab
613 1814 651 1856 eo
674 1814 751 1857 eave
775 1792 956 1858 libertatem
980 1798 1168 1859 consecutus
1183 1816 1292 1860 conse·

113 1902 223 1963 cutam
246 1895 356 1963 essetl.
404 1895 534 1980 Utique,
558 1897 585 1961 si
609 1918 647 1962 ex
670 1896 781 1962 liberis
804 1899 876 1983 quis
900 1899 933 1962 in
957 1899 1087 1963 civitate
1109 1920 1175 1963 esse
1194 1900 1292 1964 desis·

112 2009 156 2068 set
189 2025 292 2089 neque
328 2005 356 2069 ei
381 2004 473 2068 liberi
499 2001 555 2066 ulli
578 2007 699 2079 essent,
733 2002 846 2066 ceteris
869 2003 935 2067 eius
958 2003 1076 2083 liberis,
1100 2004 1154 2088 qui
1179 2027 1292 2068 manu-

110 2109 202 2187 misit,
227 2108 357 2193 perinde
380 2109 489 2173 omnia
511 2109 582 2172 iura
596 2107 833 2183 servarentur⁴,
859 2130 894 2172 ac
916 2109 944 2172 si
960 2109 1042 2172 nihil
1066 2111 1104 2173 de
1121 2132 1158 2174 eo
1175 2110 1290 2174 liberto

111 2236 182 2278 aare
207 2213 375 2278 libertale
397 2236 511 2298 parens
534 2212 757 2298 significasset.

111 2389 158 2451 50.
183 2386 248 2452 Sc.
274 2385 558 2469 Claudianum
582 2386 744 2466 (oratio
769 2386 952 2471 Claudii)
977 2388 1024 2452 de
1047 2388 1142 2452 iure
1165 2387 1290 2453 hono-

421 2514 511 2554 rnnr
537 2489 676 2556 Gallis
700 2492 837 2555 dando
870 2514 897 2558 a.
922 2493 973 2558 48.

189 2630 220 2684 E
236 2631 330 2685 labala
356 2646 452 2697 aenea,
480 2648 504 2684 a.
526 2632 595 2683 1528
612 2629 745 2698 Laqdaai
764 2638 878 2699 reperta,
897 2633 945 2686 arbi
962 2634 993 2685 in
1011 2648 1102 2687 nraeeo
1121 2633 1225 2687 certano
1243 2633 1290 2687 ad·

112 2725 240 2773 cremar.
280 2717 385 2772 Tobrda
404 2723 459 2771 iana
478 2718 535 2770 alia
552 2733 634 2786 want
652 2719 709 2772 lata
726 2725 763 2772 eat
783 2723 842 2786 1,95
855 2738 902 2774 m.:
918 2737 987 2790 pars
1004 2723 1129 2791 asperior
1137 2722 1229 2791 periit,
1248 2723 1291 2776 ia·

108 2807 193 2873 ferior
210 2812 318 2861 amaia
335 2812 375 2859 est
388 2805 484 2873 fracta
501 2804 591 2859 mdia
607 2806 656 2872 iia,
674 2810 705 2859 at
719 2822 827 2874 paucae
845 2813 950 2861 tantum>
964 2810 1095 2876 perterirrt
1107 2809 1218 2864 litterae.
1244 2810 1290 2863 In-

112 2896 209 2963 scre'pia
233 2900 274 2947 est
291 2892 398 2947 daabaea
417 2889 557 2958 columnis,
577 2893 669 2961 capita
686 2892 816 2947 dictincta
834 2900 898 2947 serat
921 2898 952 2947 at
975 2912 1061 2963 snpra
1087 2898 1124 2964 lp.
1145 2900 1242 2950 90.121
1252 2899 1290 2963 d).

114 2978 231 3034 Continet
249 2981 397 3035 orationem
409 2977 519 3032 Claudii
537 2980 568 3032 ia
576 2985 673 3032 sennia
691 2978 723 3032 de
741 2979 800 3032 iare
811 2979 941 3034 bacernae
953 2981 1041 3035 Gallia
1060 2982 1150 3035 dando
1162 2984 1291 3051 linbilam,

112 3086 160 3135 aaa
187 3068 220 3123 de
243 3084 272 3121 re
297 3084 318 3120 a.
343 3066 673 3133 Tac.Ann.11,23-25.
711 3066 797 3120 Euae
815 3073 854 3120 cst
872 3087 889 3121 a
907 3070 1007 3133 maliis,
1035 3070 1292 3124 intrinsecarum

111 3156 194 3223 ipsam
214 3155 335 3210 labaim
353 3155 387 3208 ab
405 3155 439 3207 A.
459 3152 602 3221 Boieaiea,
629 3155 806 3222 inscriptions
824 3155 855 3208 de
873 3154 962 3224 Lyca,
982 3159 1127 3223 reia-54,
1144 3176 1206 3227 paq.
1227 3161 1291 3226 136,-

113 3260 157 3297 noe
177 3244 276 3299 demus
293 3243 456 3312 rescandum
474 3241 512 3295 ed
529 3258 575 3296 aas
594 3242 628 3296 ab
647 3241 742 3296 ottone
755 3240 920 3310 Hirschfeld.

194 3417 201 3431 .
228 3416 236 3430 .
261 3416 268 3430 .
294 3365 341 3452 (¹)
366 3386 564 3430 maerorum
588 3364 803 3449 no[strara]m
828 3365 871 3430 sit
894 3388 915 3430 u
939 3416 945 3430 .
972 3417 978 3432 .
1004 3366 1073 3452 (26)
1304 3360 1324 3413 ¹⁴

195 3471 243 3556 (i)
267 3469 424 3555 Equidem
447 3471 584 3554 primam
601 3471 745 3535 omniurn
763 3471 853 3535 illam
870 3472 1100 3556 cogitationem
1113 3472 1288 3549 hominnm,

111 3598 201 3659 quam
226 3575 274 3659 (³)
298 3574 436 3640 maxime
458 3576 594 3658 primam
618 3596 823 3640 occursuram
848 3576 926 3641 mihi
943 3575 1105 3660 provideo,
1129 3576 1288 3660 deprecor,

112 3701 147 3744 ne
170 3680 218 3765 (⁴)
243 3681 335 3765 quasi
359 3700 474 3744 novam
496 3680 591 3745 istam
616 3702 684 3745 rem
706 3680 867 3746 introduci
889 3680 1131 3759 exhorrescatis,
1155 3682 1208 3746 sed
1233 3682 1290 3746 illn

113 3783 155 3867 (⁵)
179 3784 288 3869 potius
311 3784 470 3869 cogitetis,
494 3807 588 3869 quam
615 3785 718 3849 multa
740 3785 774 3850 in
798 3784 858 3850 hac
881 3787 1010 3850 civitate
1026 3791 1144 3850 novata
1159 3787 1234 3866 siut,
1258 3792 1291 3853 et
1354 3780 1357 3785 ’

112 3887 154 3971 (⁸)
176 3889 304 3973 quidem
327 3889 437 3954 atatim
461 3889 501 3952 ab
523 3888 648 3972 origine
672 3888 761 3954 urbis
786 3894 913 3954 nostrae
929 3890 962 3952 iu
979 3889 1072 3972 quoti
1096 3889 1216 3954 formas
1241 3892 1288 3975 (⁷)

113 3995 275 4076 statusque
298 4014 347 4056 res
369 3991 525 4078 p(ubliea)
550 3997 660 4056 nostra
683 3992 812 4057 diducta
834 3993 885 4057 sit.

196 4095 244 4180 (⁸)
269 4096 436 4172 Quondam
458 4117 549 4181 reges
573 4096 656 4162 hanc
679 4102 810 4163 tenrwre
833 4098 954 4175 urbem,
979 4119 1036 4162 uec
1051 4103 1157 4163 tamen
1182 4101 1289 4164 dome·

113 4200 195 4266 sticis
218 4201 503 4286 succes(⁹)soribus
526 4224 594 4267 eam
620 4203 744 4267 tradere
768 4202 915 4287 contigit.
962 4200 1178 4287 Supervenere
1194 4204 1289 4268 alieni

162 4393 187 4459 l)
196 4390 234 4445 D.
244 4394 330 4459 38,4,r
336 4409 381 4460 pr.
392 4422 424 4430 -
438 4392 465 4462 2)
477 4391 525 4447 Uti
535 4392 558 4446 si
567 4409 618 4450 scr.
629 4422 662 4432 -
673 4392 701 4461 3)
713 4395 756 4447 est
764 4408 812 4447 aas.
824 4421 856 4432 -
868 4392 1111 4460 narrentanas.
1122 4425 1155 4433 -
1169 4393 1196 4464 5)
1205 4395 1287 4463 quod.
