2992 5040
637 310 724 381 Leges
742 310 846 381 regiae.
1312 311 1329 376 7

150 487 336 572 Ῥωμύλος),
360 488 403 549 aa
428 489 563 571 σφοδρὸς
589 488 644 572 μέν
669 490 752 552 ἐστιν
777 489 794 552 ὁ
817 491 942 572 γυναικί
966 492 1007 573 μὴ
1031 490 1134 564 διδοὺς
1157 489 1336 554 ἀπολείπειν

156 594 265 677 ἀνδρα,
287 603 425 676 γυναῖκα
449 591 483 656 δέ
508 593 613 668 διδούς
639 593 804 680 ἐκβάλλειν
821 594 870 657 ἐπί
887 594 1069 679 φαρμακείᾳ
1084 592 1203 656 τέκνων
1219 596 1239 677 ἢ
1255 593 1336 658 κλει·

154 700 216 762 δῶν
247 698 390 784 ύποβολη
421 701 476 762 καί
506 699 745 783 μοιχευθεῖσαν·
778 701 806 764 εἰ
836 699 864 764 δ’
894 700 999 775 ἄλλως
1028 721 1073 775 τις
1105 699 1336 783 ἀποπέμψαιτο,

154 813 207 886 τῆς
231 803 340 878 οὐσίας
363 804 459 866 αύτοῦ
483 805 518 866 τδ
544 805 599 886 μέν
624 814 680 888 της
704 806 854 888 γυναικὸς
878 805 963 886 εἶναι,
986 807 1021 868 rb
1045 806 1080 869 δέ
1102 815 1158 888 της
1174 805 1337 890 Δήμητρος

155 907 236 989 ίερδν
261 906 420 971 κελεύων·
444 909 497 970 τδν
521 906 549 971 δ’
564 909 761 992 ἀποδίμενον
784 919 919 992 γυναῖκα
935 910 1072 974 θύεσθαι
1087 910 1226 994 χθονίοις
1241 911 1337 986 θεοῖς.

246 1014 295 1078 10.
319 1012 417 1079 Diua.
437 1015 636 1099 (2,26.27)ι1
661 1013 710 1098 (Ὁ
725 1013 901 1100 Ῥωμύλος)
918 1017 1043 1079 άπασαν
1058 1053 1101 1064 -
1117 1016 1235 1079 ἔδωκεν
1252 1015 1337 1094 έξου-

157 1117 223 1181 αἶαν
247 1120 342 1201 πατρί
375 1115 454 1181 καθ’
476 1119 561 1200 υίοῦ,
591 1121 646 1183 καί
667 1123 755 1203 παρὰ
776 1120 879 1183 πάντα
901 1123 955 1183 τὸν
977 1131 1032 1183 τοῦ
1055 1120 1123 1207 βίου
1147 1120 1260 1204 χρόνον
1283 1121 1338 1184 ἐοίν

157 1244 188 1286 τε
214 1226 341 1307 εἴργειν,
366 1223 419 1286 ἐάν
442 1244 476 1287 τε
501 1235 683 1309 μαστιγοῦν,
707 1225 761 1288 ἐάν
784 1247 818 1289 τε
842 1225 966 1310 δέσμιον
990 1226 1039 1288 ἐπὶ
1062 1236 1123 1290 τῶν
1146 1225 1218 1288 κατ’
1241 1226 1338 1309 ἀγρδν

159 1330 260 1411 έργων
284 1327 446 1412 κατέχειν,
479 1329 533 1392 ἐάν
561 1351 595 1393 τε
618 1331 861 1395 ἀποκτιννύναιέ
892 1341 1088 1415 προαιρῆται.
1112 1369 1153 1378 -
1177 1330 1261 1393 ἀλλὰ
1284 1333 1339 1395 καί

159 1433 274 1496 πωλεῖν
309 1433 408 1515 έφηκε
439 1435 493 1496 τδν
521 1434 586 1497 υίδν
616 1443 659 1519 τῷ
683 1437 786 1518 πατρί,
810 1472 853 1483 -
878 1438 933 1499 καί
955 1445 1046 1498 τοῦτο
1071 1435 1271 1521 συνεχώρησε
1294 1445 1337 1521 τῷ

159 1538 261 1620 πατρί,
291 1536 383 1620 μέχρι
405 1538 508 1622 τρίτης
532 1542 678 1621 πράσεως
701 1538 755 1622 ἀφ’
770 1541 838 1604 υίοῦ
854 1540 1119 1625 χρηματίσασθαι.
1143 1580 1186 1589 -
1210 1545 1288 1624 μετὰ
1304 1542 1339 1604 δέ

159 1647 212 1726 τὴν
236 1643 341 1727 τρίτην
365 1653 478 1725 πρᾶσιν
503 1643 691 1727 ἀπήλλακτο
714 1654 769 1708 τοῦ
792 1644 940 1729 πατρὸς.8

246 1749 296 1814 11.
324 1747 423 1812 Dio-n.
440 1749 580 1830 (2‚15):⁴
604 1748 658 1823 Είς
675 1749 816 1834 ἀνάγκην
832 1749 1007 1834 κατέστησε
1031 1750 1062 1826 (ὁ
1077 1748 1251 1832 Ῥωμύλος)
1268 1753 1346 1824 τοὺς

163 1853 329 1935 οἰκήτορας
351 1892 394 1901 -
419 1855 544 1917 ἅπασαν
560 1855 676 1938 ἄρρενα
691 1857 802 1936 γενεὰν
818 1854 989 1938 ἐκτρέφειν,
1012 1856 1067 1918 καί
1082 1853 1268 1937 θυγατέρων
1283 1857 1341 1929 τὰς

164 1958 402 2041 πρωτογόνους,
435 1958 655 2021 ἀποκτιννύναι
684 1959 718 2022 δέ
743 1959 838 2043 μηδέν
868 1969 930 2023 τῶν
958 1958 1158 2043 γεννωμένων
1188 1959 1347 2043 νεώτερον

164 2072 310 2144 τριετοῦς,
335 2062 418 2145 πλὴν
441 2065 470 2125 εί
490 2083 519 2125 τι
543 2061 664 2147 γένοιτο
688 2064 810 2128 παιδίον
834 2066 993 2148 ἀνάπηρον
1016 2064 1037 2148 ἢ
1057 2063 1148 2146 τέρας
1164 2065 1261 2139 εὐθὺς
1277 2066 1339 2128 ἀπὸ

163 2177 271 2250 γονης.
295 2176 396 2229 ταῦτα
420 2165 447 2229 δ’
463 2169 523 2230 οὐκ
548 2167 706 2232 ἐκώλυσεν
731 2168 888 2232 ἐκτιθέναι
906 2172 980 2243 τοὺς
996 2167 1206 2251 γειναμένους,
1230 2169 1339 2231 ἐπιδεί·

166 2269 274 2346 ξαντας
298 2271 451 2352 πρότερον
475 2271 567 2335 πέντε
590 2272 721 2355 ἀνδράσι
743 2283 806 2346 τοῖς
830 2274 957 2356 ἔγγιστα
981 2273 1127 2354 οίκοῦσιν,
1152 2274 1206 2336 ἐὰν
1230 2272 1340 2336 κάκεί-

165 2394 223 2448 ναις
247 2374 398 2459 συνδοκῇ.
423 2379 507 2438 κατὰ
531 2377 566 2440 δέ
588 2387 650 2441 τῶν
675 2380 716 2462 μὴ
740 2376 935 2460 πειθομένων
958 2386 1001 2463 τῷ
1025 2379 1108 2462 νίμιμ
1133 2377 1244 2463 ζημίας
1268 2379 1340 2461 ὥρι-

163 2499 210 2541 σεν
234 2478 336 2553 ἄλλοις
361 2501 396 2543 τε
419 2482 474 2544 καί
497 2493 552 2565 τῆς
577 2482 683 2557 οὐσίας
708 2485 811 2546 αὐτῶν
834 2486 889 2566 την
913 2482 1055 2567 ἡμίσειαν
1079 2484 1154 2546 εἶναι
1177 2483 1339 2568 δημοσίαν.

245 2586 297 2650 12.
322 2584 520 2651 Plutarchus
536 2586 745 2673 (amarae
767 2586 863 2652 Ἴδιον
878 2626 920 2636 -
936 2590 972 2651 τδ
986 2589 1137 2673 μηδεμίαν
1153 2589 1242 2673 δίκην
1257 2592 1341 2654 κατὰ

165 2690 385 2772 πατροκτόνων
410 2691 558 2773 ὁρίσαντα
585 2694 651 2777 (τὸν
667 2692 843 2779 Ῥωμύλον)
867 2704 970 2757 πᾶσαν
994 2693 1199 2777 ἀνδροφονίαν
1222 2715 1341 2777 πατρο·

163 2794 285 2857 κτονίαν
309 2806 498 2877 προσειπεῖν.

248 2902 300 2965 13.
326 2900 360 2964 Sl
382 2923 485 2983 πυπυε,
510 2925 598 2966 suana
622 2926 697 2967 urvis
719 2926 871 2967 urnnxruu
894 2903 1016 2968 nsuou.⁶

231 3075 257 3146 1)
276 3074 424 3142 (Romulus
443 3093 552 3131 omnem
572 3078 743 3145 potestatem
761 3075 792 3129 in
810 3075 899 3129 filium
918 3075 995 3144 patri
1013 3076 1160 3139 concessit,
1179 3076 1262 3146 idque
1279 3079 1340 3134 totu

165 3160 238 3216 ritae
259 3165 395 3232 tempore,
420 3161 478 3217 siva
497 3180 561 3217 eum
579 3179 691 3218 earcere
710 3162 860 3226 includere,
885 3162 944 3216 sive
963 3163 1118 3226 verberare,
1137 3165 1196 3218 sive
1216 3164 1340 3218 vinetum

161 3246 193 3300 ad
215 3262 304 3318 opera
324 3247 429 3302 rustica
447 3248 581 3314 detinere,
600 3250 658 3304 siva
671 3249 795 3305 occidere
808 3249 903 3305 vellet.
932 3247 1027 3304 Etiam
1043 3249 1163 3304 vendere
1175 3249 1262 3304 filium
1276 3267 1338 3321 par-

164 3333 239 3387 misit
260 3333 352 3404 patri;
373 3335 440 3403 quin
461 3335 547 3389 etiam
565 3336 617 3391 hoo
629 3336 763 3391 concessit
774 3335 859 3405 patri,
877 3338 1009 3405 utusque
1023 3337 1060 3390 ad
1075 3333 1190 3390 tertiam
1205 3336 1343 3391 venditio·

161 3437 223 3475 nem
253 3438 305 3491 per
330 3422 419 3475 filium
446 3422 619 3492 adquireret:
648 3426 711 3492 post
739 3423 854 3476 tertiam
874 3441 939 3479 vero
958 3423 1149 3478 venditionem
1167 3423 1342 3478 liberabatur

162 3507 233 3561 iiiios
256 3525 274 3562 a
292 3511 394 3578 patre.)
413 3540 445 3549 —
465 3510 495 3578 2)
516 3510 558 3578 Cf.
578 3510 676 3578 Papia.
696 3512 726 3564 ι’νι
740 3510 805 3564 Call.
819 3514 878 3573 4,8;
897 3509 965 3564 Cum
985 3511 1062 3580 patri
1081 3511 1125 3565 lex
1142 3512 1222 3580 regia
1234 3510 1342 3567 dederit

162 3593 189 3648 in
202 3595 296 3650 filium
310 3596 387 3652 vitae
400 3597 531 3668 necisque
544 3600 722 3668 potestatem.
742 3630 775 3638 —
788 3600 816 3669 3)
831 3598 873 3667 Cf.
887 3599 1011 3662 X11.4,2.
1033 3631 1062 3638 ·-
1083 3600 1111 3666 4)
1130 3598 1342 3668 (Necessitatem

161 3682 296 3754 imposuit
314 3683 448 3738 Romulus
466 3685 581 3751 civibus,
600 3703 711 3741 omnem
732 3687 841 3741 virilem
858 3687 964 3756 prolem
979 3687 1096 3741 educare
1112 3689 1141 3742 et
1153 3687 1226 3741 filias
1238 3687 1341 3755 primo·

161 3771 281 3840 genitas,
310 3788 410 3826 necare
432 3790 497 3828 vero
516 3774 626 3828 nullum
645 3773 733 3828 fetam
756 3774 878 3830 triennio
897 3774 1040 3835 minorem,
1066 3773 1120 3827 nisi
1139 3775 1238 3827 natum
1257 3774 1342 3827 muti·

162 3859 218 3913 lam
244 3863 297 3913 aut
324 3862 482 3916 monstrum
508 3859 606 3915 statim
635 3863 698 3931 post
724 3865 852 3931 partum:
880 3862 929 3916 hos
949 3875 966 3915 a
985 3861 1150 3935 parentibus
1168 3860 1268 3929 exponi
1287 3878 1342 3915 non

163 3946 311 4016 prohibuit
329 3947 482 4003 dummodo
501 3963 546 4002 eos
565 3947 642 4017 prius
661 3947 842 4003 ostenderent
859 3948 982 4018 quinque
1000 3948 1097 4002 vicinis
1110 3948 1249 4018 proximis,
1269 3947 1343 4017 iique

163 4034 190 4089 id
208 4035 454 4105 comprobassent;
475 4035 504 4088 in
523 4052 568 4092 eos
589 4053 662 4100 vero,
681 4035 728 4104 qui
748 4036 859 4104 legibus
878 4036 939 4088 istis
958 4053 1011 4091 non
1027 4036 1261 4105 obtemperarent,
1281 4052 1344 4103 poe·

162 4139 213 4176 nas
239 4122 344 4176 statuit
370 4139 432 4176 cum
453 4123 525 4176 alias
544 4126 604 4176 tum
625 4121 712 4177 etiam
731 4124 819 4187 hauc,
849 4123 924 4178 bona
942 4140 1037 4178 eorum
1056 4139 1106 4191 pro
1125 4127 1206 4192 parte
1225 4122 1344 4178 dimidia

162 4210 326 4280 publicari.)
348 4210 389 4276 Cf.
406 4209 527 4274 x11.s,1.
549 4242 578 4249 -
600 4211 627 4281 5)
647 4209 806 4280 (singulare
819 4213 869 4272 est,
889 4209 961 4278 quod
975 4208 1139 4277 (Romulus),
1159 4226 1220 4262 cum
1232 4208 1341 4263 nullam

164 4297 193 4352 in
206 4298 364 4368 parricidas
383 4297 520 4352 statuerit
540 4315 668 4368 poenam,
687 4315 769 4353 omne
782 4296 959 4353 homicidium
974 4296 1131 4366 appellavit
1143 4295 1344 4366 parricidium.)

166 4386 206 4455 Οἵ.
225 4385 290 4458 Lep.
311 4386 454 4440 Num.12.
478 4413 514 4427 -·
539 4387 567 4456 6)
588 4387 659 4441 Fert.
686 4389 779 4453 (230).·
810 4386 923 4441 Plorare
942 4385 1006 4439 flere
1025 4385 1190 4453 (inclamare
1208 4385 1257 4438 ins.
1278 4383 1343 4450 cod„
