2992 5040
154 288 195 352 70
673 286 815 340 Asconius.

241 461 258 543 ᾖ
282 464 333 526 94.
379 462 495 546 Legem
520 462 720 526 iudiciariam
744 497 784 508 -
809 460 887 524 tulit
909 459 941 526 L.
961 460 1113 526 Aurelius
1130 460 1228 527 Cotta
1247 484 1338 544 prae·

154 568 232 645 tor¹,
257 589 320 650 qua
343 567 579 631 communicata
601 570 677 631 sunt
699 566 816 629 iudicia
839 566 963 630 senatui
988 572 1021 630 et
1039 567 1202 650 equitibus
1221 565 1336 631 Roma·

155 673 204 737 nis
228 678 260 737 et
281 672 420 736 tribunis
444 673 586 737 aerariis.
633 672 757 737 Rursus
782 672 895 736 deinde
918 670 1089 754 Pompeius
1112 671 1144 734 in
1169 670 1335 737 consulatu

154 775 309 842 secundo²
332 814 374 823 —
398 779 632 863 promulgavit,
665 782 701 841 ut
725 777 921 860 amplissimo
945 800 982 840 ex
1006 799 1100 842 censu
1125 798 1163 840 ex
1187 778 1336 842 centuriis

155 883 249 946 aliter
272 887 368 965 atque
391 887 484 946 antea
511 883 584 946 lecti
607 883 734 959 iudices,
760 903 860 965 aeque
883 886 989 946 tamen
1014 903 1052 945 ex
1076 881 1140 945 illis
1164 882 1271 945 tribus
1287 904 1335 945 or·

155 986 293 1065 dinibus,
318 1009 367 1049 res
391 986 579 1051 iudicarent.
627 993 684 1068 (16
704 1018 734 1040 =
759 992 823 1069 15.)

599 1180 626 1231 Β.
657 1177 682 1231 lu
703 1175 893 1232 Seuerianam.

247 1304 273 1366 l.
312 1301 368 1367 Cn.
389 1302 549 1366 Domitius
573 1338 613 1348 -
639 1303 721 1366 diem
745 1303 773 1366 ei
799 1300 945 1386 (Scauro)
970 1301 1053 1365 dixit
1076 1302 1160 1385 apud
1184 1302 1334 1385 populum

157 1411 189 1471 et
211 1406 347 1470 multam
370 1407 544 1491 irrogavit,
577 1407 660 1491 quod
693 1408 760 1470 eius
784 1429 880 1490 opera
902 1427 993 1470 sacra
1016 1406 1118 1470 mulla
1139 1406 1252 1489 populi
1277 1405 1331 1470 Ro·

156 1512 243 1575 mani
278 1511 441 1576 deminuta
473 1534 540 1576 esse
564 1513 692 1576 diceret.
739 1511 872 1575 Crimini
896 1511 994 1574 dabat
1017 1531 1106 1574 sacra
1130 1509 1261 1594 publica
1283 1533 1336 1595 po·

158 1615 224 1698 puli
250 1614 385 1679 Romani
409 1617 502 1681 deum
530 1617 710 1694 Penatium,
742 1640 823 1701 quae
846 1616 958 1681 Lavini
983 1614 1124 1693 fierent',
1152 1638 1253 1699 opera
1275 1616 1337 1680 eius

159 1722 264 1785 minus
288 1727 371 1786 recte
394 1727 543 1807 casteque
565 1723 646 1787 fieri.
694 1724 764 1800 Quo
787 1722 919 1786 crimine
942 1721 1107 1785 absolutus
1131 1726 1179 1784 est
1203 1719 1339 1784 Soaums

157 1828 296 1911 quidem,
320 1827 373 1891 sed
398 1829 453 1905 ita,
479 1833 515 1891 ut
538 1827 677 1892 atribus
701 1828 851 1891 tribubus
868 1827 1083 1903 damnaretur,
1106 1823 1268 1889 aXXXlI
1284 1825 1336 1888 ab·

157 1931 347 2011 solveretur,
381 1938 413 1997 et
439 1933 472 1997 in
498 1932 566 1997 his⁴
591 1954 692 2017 pauca
716 1937 834 2016 puncta
858 1932 943 1995 inter
966 1931 1203 1994 damnationem
1228 1934 1262 1994 et
1285 1929 1338 1993 ab·

157 2034 349 2102 solutionem
373 2039 572 2104 interessent.
621 2039 678 2120 (21
703 2069 731 2090 =
753 2043 821 2120 18.)

594 2230 620 2286 0.
651 2229 677 2285 ln
697 2228 894 2284 cornelianam.

246 2353 324 2433 Arp.
361 2352 413 2417 d*
445 2351 628 2429 Cornelius,
658 2388 699 2398 -
725 2352 875 2416 tribunus
906 2351 1024 2435 plebis⁶
1057 2388 1098 2397 -
1123 2351 1343 2437 promulgarit

160 2453 272 2540 legem,
303 2479 366 2540 qua
391 2455 663 2540 [auctoritatem']
688 2463 817 2521 senatus
842 2456 1016 2534 minuebat,
1039 2478 1079 2520 ue
1102 2456 1157 2539 qui
1181 2455 1263 2519 nisi⁸
1286 2478 1342 2539 per

159 2561 313 2644 populum
328 2561 452 2645 legibus
468 2561 654 2626 solveretur.
695 2560 786 2637 Quod
803 2561 936 2643 antiquo
953 2583 1079 2644 quoque
1094 2561 1163 2624 iure
1180 2565 1251 2624 erat
1267 2583 1339 2624 cau·

160 2669 244 2740 tum;
269 2667 377 2749 itaque
399 2668 431 2730 in
457 2668 605 2730 omnibus
629 2672 759 2730 senatus
783 2666 946 2742 consultis,
971 2666 1086 2750 quibus
1102 2665 1242 2749 aliquem
1258 2665 1338 2751 legi·

160 2769 219 2834 bus
242 2770 323 2834 solvi
346 2773 502 2854 placebat,
527 2773 608 2835 adici
633 2772 718 2834 erat⁹
742 2769 884 2846 solitum,
909 2774 945 2834 ut
968 2771 1005 2834 de
1028 2793 1064 2834 ea
1080 2793 1114 2834 re
1130 2771 1168 2834 ad
1185 2770 1340 2855 populum

161 2874 315 2949 ferretum
348 2878 400 2941 sed
425 2875 579 2960 paulatim
612 2875 690 2940 ferri
713 2880 782 2940 erat
806 2876 962 2953 desitum,
992 2897 1104 2959 resque
1127 2876 1190 2938 iam
1215 2875 1248 2938 in
1273 2898 1341 2940 eam

161 2981 418 3045 consuetudinem
455 2986 600 3059 venerat,
634 2984 669 3044 ut
691 2985 851 3063 postremo
884 3003 923 3044 ne
946 2980 1123 3043 adiceretur
1154 2979 1283 3063 quidem
1307 2980 1340 3042 in

162 3088 291 3147 senatus
314 3084 468 3149 consultis
492 3086 529 3150 de
553 3086 722 3171 rogatione
746 3086 785 3149 ad
808 3085 961 3169 populum
986 3085 1125 3159 ferenda,
1149 3106 1249 3168 eaque
1274 3085 1346 3166 ipsa

156 3193 290 3263 ,senatus
314 3189 459 3255 consulta
488 3214 543 3274 per
566 3192 718 3275 pauculos
743 3191 911 3254 admodum
937 3190 1066 3254 fiebant.
1113 3187 1249 3273 lndigne
1270 3210 1342 3261 eam

163 3292 288 3358 Corneli
319 3296 519 3380 rogationem
551 3297 692 3361 tulerant
723 3296 937 3380 potentissimi
970 3295 1090 3378 quique
1121 3316 1158 3357 er
1181 3293 1345 3371 senatu¹⁰,

164 3421 298 3482 quorum
323 3401 430 3484 gratia
452 3423 646 3486 magnopere
669 3402 888 3475 minuebatur;
913 3401 1021 3484 itaque
1042 3398 1075 3462 P.
1094 3397 1246 3462 Servilius
1265 3396 1342 3462 Glo-

164 3504 257 3568 bulus
280 3504 354 3568 trib.
380 3506 464 3588 pleb.
489 3507 639 3569 inventus
663 3512 741 3582 erat,
765 3506 820 3587 qui
840 3502 910 3568 C.¹¹
927 3503 1073 3568 Cornelio
1091 3501 1270 3565 obsisteret.
1302 3501 1345 3579 ls,

164 3608 217 3671 ubi
240 3607 320 3695 legis
348 3609 501 3675 ferundae
525 3611 590 3674 dies
614 3610 757 3673 renitet
781 3631 894 3692 praeco
918 3607 1092 3672 subiciente
1115 3606 1221 3670 scriba
1244 3608 1345 3671 verba

164 3713 244 3796 legis
269 3715 400 3779 recitare
423 3716 542 3799 populo
565 3715 685 3799 coepit,
719 3722 750 3779 et
774 3715 911 3778 scribam
935 3714 1077 3776 subicere
1100 3716 1131 3775 et
1155 3734 1345 3794 praeconem

163 3821 372 3903 pronuntiare
395 3845 505 3905 passus
529 3844 592 3884 non
622 3825 679 3886 est.
727 3821 807 3884 Tum
827 3818 991 3882 Cornelius
1014 3819 1081 3899 ipse
1103 3816 1241 3879 codicem
1265 3818 1348 3880 reci-

238 4013 262 4068 ll
281 4029 304 4065 a.
326 4015 383 4065 684.
409 4043 443 4052 -
468 4015 496 4078 2)
515 4031 540 4066 a.
559 4016 617 4066 699.
643 4039 673 4048 -
694 4012 721 4075 3)
742 4010 859 4063 luerunt
877 4010 946 4062 lib-ri.
968 4040 999 4047 —
1019 4010 1048 4076 4)
1069 4008 1107 4062 eis
1126 4008 1197 4061 libri.
1220 4039 1249 4048 -
1270 4009 1299 4076 5)
1318 4007 1346 4061 Ο.

165 4113 215 4152 eru.
235 4099 305 4152 libri.
334 4130 366 4137 -
396 4100 424 4166 6)
450 4117 475 4152 u.
495 4103 554 4153 687.
583 4129 618 4138 -
647 4099 673 4165 7)
693 4095 894 4151 auctoritatem
920 4112 968 4148 our.
992 4097 1020 4147 in
1040 4096 1115 4148 lriutu
1134 4111 1167 4148 ex
1185 4094 1262 4160 libris
1281 4110 1350 4162 quos

165 4188 290 4241 babemus
314 4190 430 4256 optinum
456 4187 613 4255 videturque
637 4203 691 4240 esse
710 4203 742 4239 ex
759 4184 953 4251 supplementa,
979 4189 1008 4235 ut
1027 4184 1129 4250 reliqua
1148 4198 1253 4250 quoque
1270 4184 1347 4236 intro

166 4290 246 4327 uncos
270 4275 416 4342 quadratos
437 4275 542 4341 positu,
572 4273 604 4325 de
626 4273 723 4340 quobus
746 4271 815 4323 nibil
834 4269 988 4322 odirotntur.
1010 4300 1044 4307 —
1063 4269 1090 4336 8)
1109 4269 1158 4337 qui
1176 4269 1219 4322 uis
1238 4269 1279 4321 oet
1297 4269 1347 4338 qui

166 4360 237 4413 uisui
257 4363 327 4415 libri.
347 4393 379 4402 -
400 4364 427 4432 9)
447 4360 588 4416 adiecerat
608 4361 679 4413 libri.
702 4389 733 4398 ··
755 4358 798 4428 10)
816 4374 848 4411 ex
869 4374 890 4409 a.
909 4373 930 4409 c.
951 4358 1021 4410 libri.
1042 4387 1074 4395 -
1097 4358 1141 4425 ll)
1160 4355 1176 4407 l.
1197 4356 1269 4409 libri.
