2992 5040
688 332 793 390 Festus.
1289 338 1332 403 27

153 507 285 573 Praes
308 515 357 575 est
378 509 434 589 is¹,
457 512 512 594 qui
529 509 646 594 populo
671 531 704 573 se
720 511 845 595 obligat
867 513 1164 599 interrogaturque²
1187 537 1207 578 a
1228 515 1331 599 magi·

153 618 268 691 stratu,
284 615 312 678 si
324 636 417 698 praes
429 616 487 689 sit;
505 616 559 679 ille
573 616 773 699 respondet³t
790 640 890 701 praes.
910 623 944 683 P.
957 624 1036 683 223.
1054 619 1122 701 (Cf.
1132 618 1332 703 Manceps.)

152 717 394 783 Praeteriti
418 724 581 784 senatores
604 720 764 802 quondam
788 722 821 785 in
837 723 1009 806 opprobrio
1032 746 1096 788 uon
1112 729 1212 801 eraut,
1236 726 1331 808 quod,

157 828 193 888 ut
217 845 310 908 reges
332 824 395 888 sibi
416 823 570 910 legebant
593 823 876 910 sublegebantque,
900 849 979 911 quos
1002 830 1034 893 in
1058 830 1191 894 consilio
1206 828 1335 913 publico

160 927 325 1007 haberent,
349 930 397 994 ita
419 935 492 1013 post
515 934 642 993 exactos
665 951 718 994 eos
740 933 883 997 consules
907 955 1033 1017 quoqne
1055 938 1088 996 et
1110 933 1247 997 tribuui⁴
1272 936 1332 998 mi·

154 1033 250 1097 litum
284 1033 444 1099 consulari
476 1038 634 1117 potestate
667 1033 941 1101 coniunctissimos
964 1037 1025 1100 sibi
1049 1036 1208 1120 quosque⁵
1230 1038 1333 1120 patri·

156 1139 279 1202 ciorum
303 1144 336 1202 et
359 1139 470 1203 deiude
493 1138 687 1222 plebeiorum
712 1137 873 1223 legebant,
901 1142 1000 1205 donec
1022 1139 1138 1205 Ouinia
1161 1141 1334 1206 tribunicia

154 1243 338 1307 intervenit.
364 1265 426 1326 qua
442 1248 587 1307 sanctum
603 1246 661 1318 est,
678 1247 714 1305 ut
729 1263 876 1307 censores
892 1266 929 1308 ex
946 1245 1032 1309 omni
1049 1244 1160 1309 ordine
1175 1246 1333 1328 optimum

155 1367 314 1430 quemque
329 1346 493 1412 curiatim⁰
517 1348 548 1410 in
566 1344 728 1411 senatum⁷
745 1346 902 1430 legerent;
927 1371 990 1432 quo
1006 1347 1125 1413 factum
1144 1354 1201 1426 est,
1226 1354 1263 1414 ut
1277 1351 1333 1435 qui

156 1453 322 1535 praeteriti
345 1458 450 1517 essent
472 1458 504 1516 et
522 1453 590 1517 loco
614 1453 702 1528 moti,
726 1451 923 1516 haberentur
937 1453 1152 1537 ignominiosi.
1198 1456 1238 1519 F.
1255 1461 1330 1521 246.

158 1554 354 1620 Praetor
386 1558 424 1620 ad
448 1562 573 1640 portam
601 1579 686 1621 nunc
710 1557 869 1621 salutatur
892 1557 954 1623 is⁸.
985 1558 1095 1641 quiin
1119 1560 1334 1641 provinciam⁰

157 1684 213 1746 pro
238 1668 385 1746 praetore
415 1669 471 1726 aut.
493 1685 552 1746 pro
574 1664 702 1727 consule
726 1663 809 1738 exit3
841 1663 930 1726 cuius
953 1664 997 1726 rei
1022 1685 1141 1727 morem
1165 1666 1211 1727 ait
1234 1664 1335 1730 fuisse

157 1765 283 1831 Cincius
307 1767 338 1830 in
362 1768 445 1832 libro
469 1768 506 1830 de
522 1768 685 1831 consulum
712 1773 871 1850 potestate
886 1768 1001 1832 talem:
1026 1769 1208 1834 Albanos¹⁰
1226 1793 1333 1835 rerum

157 1873 276 1953 potitos
300 1892 400 1956 usqne
424 1873 463 1936 ad
486 1871 616 1936 Tullum
639 1894 764 1957 regem
797 1872 882 1936 Alba
905 1874 1017 1937 deinde
1040 1874 1146 1937 diruta
1169 1898 1269 1960 nsque
1292 1876 1332 1939 ad

158 1974 191 2038 P.
217 1976 387 2040 Decinm¹¹
423 1975 545 2040 Murem
579 1998 641 2040 cos.
675 1978 809 2061 populos
841 1977 971 2043 Latinos
1002 1980 1041 2042 ad
1069 1985 1165 2062 caput
1189 1980 1333 2045 Ferenti·

156 2084 268 2159 nae¹'²,
301 2083 384 2165 quod
409 2088 457 2146 est
479 2081 539 2145 sub
562 2088 670 2146 monte
695 2084 831 2159 silbanu,
854 2084 1018 2148 consulere
1041 2084 1152 2148 solitos
1176 2090 1209 2148 et
1230 2085 1333 2168 impe-

156 2189 237 2251 rium
268 2187 427 2251 communi
460 2187 592 2250 consilio
616 2188 848 2251 administrare.
894 2186 1006 2273 Itaque
1030 2211 1092 2272 quo
1116 2194 1239 2253 amm18
1267 2189 1331 2254 Ro-

157 2314 266 2357 manos
289 2294 538 2376 imperatores¹⁴
564 2292 603 2356 ad
628 2294 801 2357 exercitum
826 2293 953 2357 mittere
969 2299 1141 2376 oporteret,
1165 2294 1252 2358 iussu
1272 2318 1330 2359 uo·

156 2399 251 2461 minis
274 2396 379 2461 Latini
413 2396 580 2481 conplures
613 2401 739 2461 nostros
761 2399 793 2461 in
819 2397 978 2480 Capitolio
1001 2420 1020 2461 a
1043 2399 1108 2462 sole
1131 2400 1252 2464 (umente
1275 2422 1332 2464 au·

156 2503 250 2585 spicis
274 2524 402 2585 operam
426 2502 501 2566 dare
523 2502 643 2566 solitos.
680 2500 743 2567 Ubi
761 2524 833 2566 aves
852 2502 1057 2580 addixissent,
1081 2504 1215 2568 militem
1231 2505 1333 2581 illum,

156 2606 209 2690 qui
233 2630 252 2670 a
275 2607 433 2671 communi
451 2607 542 2670 Latio
565 2608 680 2671 missus
696 2613 789 2682 esset,
812 2607 913 2682 illum,
937 2630 1030 2691 quem
1046 2629 1120 2671 aves
1135 2609 1333 2685 addixerant,

156 2715 332 2794 praetorem
355 2712 494 2775 salutare
517 2713 659 2786 solitum,
684 2712 739 2796 qni
762 2735 831 2777 eam
856 2713 1049 2795 provinciam
1067 2714 1225 2796 optineret
1241 2736 1334 2796 prae·

156 2817 235 2880 toris
259 2817 394 2881 nomine.
442 2817 481 2879 F.
504 2823 580 2880 241.

156 2920 327 2985 Priscae
351 2921 483 2986 Latinae
506 2923 648 2986 coloniae
664 2922 844 3005 appellatae
859 2930 945 2998 sunt,
963 2928 999 2985 ut
1015 2924 1330 3007 distinguerentur¹⁵

156 3025 342 3101 anovis¹⁸,
365 3048 446 3110 quae
470 3031 580 3109 postea
603 3049 622 3089 a
646 3027 762 3109 populo
785 3026 955 3090 dabantur.
1005 3029 1042 3090 F.
1066 3033 1141 3090 241.

159 3129 297 3194 Prisci
322 3131 428 3195 Latini
453 3133 580 3215 proprie
603 3132 797 3215 appellati¹l
824 3137 900 3195 sunt
916 3131 960 3208 hi,
984 3131 1039 3214 qui
1056 3132 1240 3215 priusquam
1257 3155 1333 3195 con-

155 3235 282 3300 deretur
306 3235 408 3300 Roma
432 3235 571 3301 fuerunt.
620 3238 653 3299 P.
678 3242 757 3301 220¹.

157 3338 349 3425 [Privato
373 3340 519 3425 sreorpta]
545 3364 577 3404 se
601 3341 732 3405 alebant
755 3341 889 3428 mili[tcs
905 3342 1055 3417 Romam,
1081 3348 1250 3422 crrrthaam
1272 3345 1331 3406 sli-

152 3444 288 3528 picardia]
312 3450 518 3522 urerereutur,
542 3446 626 3529 quod
650 3446 681 3509 iu
709 3445 951 3531 [cousacladiuc
974 3449 1094 3510 arroasit
1106 3469 1209 3526 pacare
1224 3448 1268 3510 nd
1284 3447 1333 3529 id]

156 3555 298 3632 tempus,
332 3549 414 3632 quod
440 3551 502 3612 t'uit
531 3549 642 3634 pau[lo
665 3559 739 3615 aruc
762 3575 854 3632 arram
880 3552 982 3615 Rauso
1008 3549 1101 3635 urbs]
1127 3556 1220 3634 capta
1243 3556 1291 3615 est
1314 3574 1335 3615 a

160 3652 276 3723 Gallis:
303 3653 429 3738 [postea
453 3656 536 3717 caim
562 3658 628 3718 alsi
647 3656 778 3735 prulrlr'co
794 3656 965 3738 atlpcmlu'o]
991 3656 1107 3719 milites
1123 3677 1185 3718 rron
1203 3655 1332 3720 fiebant.

228 3882 254 3950 1)
275 3881 317 3933 his
337 3880 369 3934 G.
399 3908 430 3918 -
459 3878 487 3947 2)
505 3880 544 3931 alc
562 3876 632 3941 libri,
652 3876 899 3946 interrogatusque
916 3877 972 3930 edel.
999 3908 1031 3915 -
1057 3877 1086 3945 3)
1104 3875 1248 3945 respondit
1266 3878 1334 3940 GM,

157 3966 309 4037 respondet
332 3966 360 4018 Τ.
381 3996 412 4004 -
432 3966 462 4029 t)
481 3965 610 4018 tribunos
629 3964 700 4017 cort:
719 3966 898 4035 errread.1lrrp.
919 3996 950 4004 -
972 3970 999 4033 5)
1016 3981 1126 4034 quoque
1144 3966 1217 4031 cort,
1235 3967 1333 4020 enecad.

163 4053 220 4108 Fra.
250 4085 280 4093 -
309 4055 336 4123 6)
354 4052 456 4107 curiati
476 4053 548 4115 eorl,
566 4052 664 4106 careant.
689 4052 746 4104 Urs.
772 4082 801 4091 -
825 4054 852 4117 ’1)
871 4055 971 4107 senatu
990 4053 1045 4108 cod.
1065 4083 1096 4090 —
1117 4052 1145 4121 8)
1163 4052 1206 4106 bis
1225 4053 1280 4106 cod.
1301 4084 1333 4093 -

158 4143 187 4207 9)
204 4144 251 4207 aie,
271 4157 324 4194 noa
344 4139 496 4211 provincia,
517 4140 571 4193 cort.
598 4169 628 4178 -
661 4139 705 4208 10)
725 4140 844 4193 albanus
863 4142 918 4194 cod.
948 4171 975 4182 -
1001 4143 1043 4207 ll)
1062 4143 1094 4194 at
1113 4143 1242 4209 poectum
1262 4141 1335 4207 cod,-

158 4229 256 4283 emearl.
282 4229 340 4283 t'rs.
367 4259 397 4266 -
429 4225 473 4294 12)
491 4225 746 4294 eapudoetentinne
764 4228 836 4292 cod.,·
860 4244 907 4281 coa
932 4228 987 4281 Ura.
1012 4258 1048 4269 -
1069 4226 1111 4296 13)
1133 4226 1194 4293 [aer.
1212 4225 1333 4295 quando.

156 4316 205 4369 'ln
222 4316 268 4384 ll]
288 4346 323 4354 -
343 4313 387 4382 ll)
407 4303 494 4383 impis
513 4314 568 4367 coel.
591 4344 620 4351 —
643 4315 687 4379 15)
705 4312 913 4382 distinguerent
932 4316 988 4370 cod.
1009 4345 1040 4355 -
1064 4313 1107 4381 16)
1127 4313 1206 4368 nobis
1224 4312 1280 4367 cod.
1300 4342 1335 4351 -

162 4404 204 4471 17)
224 4402 291 4457 dicti
309 4403 337 4455 Τ.
