2992 5040
153 322 194 385 54
497 317 596 381 Varro,
615 319 650 372 de
669 319 769 387 lingua
789 316 899 383 Latina,
920 317 938 371 l.
955 317 980 369 5.

152 496 231 559 dant
254 496 446 580 fluantque';
470 535 510 545 -
536 498 731 562 stillicidium
750 520 797 574 eo,
815 498 897 580 quod
914 497 1061 561 stillatim
1080 497 1177 570 cadit;
1202 496 1336 574 flumen,

153 602 236 684 quod
261 601 333 665 fluit
355 603 514 667 continue.

243 709 294 772 34.
331 710 444 791 Ager
459 707 570 771 'dietus
593 709 625 771 in
650 730 745 791 <quani
769 713 886 772 terram
912 708 988 791 quid
1012 707 1164 792 egebant,
1195 714 1227 773 et
1249 710 1335 773 unde

153 812 230 896 quid
256 813 396 896 agebant
418 812 542 876 fructus
566 835 677 889 causa;
703 813 758 877 alii
780 813 864 897 quod
888 814 920 875 id
937 811 1049 878 Graeci
1072 813 1183 878 dicunt
1206 814 1333 896 ἀγρὸνῑ.

154 916 201 983 Ut
223 940 312 1002 ager,
337 917 416 1002 quo²
442 920 495 1003 agi
513 923 649 1002 poterat,
673 920 718 981 sic
734 941 797 1002 qua
813 920 865 1003 agi
883 924 980 983 actu
992 941 1016 982 s.
1051 919 1130 983 Eius
1147 919 1220 983 finis
1236 920 1334 983 mini·

153 1045 224 1088 mus
247 1024 440 1088 constitutus
472 1026 503 1087 in
530 1025 732 1088 latitudinem
757 1024 850 1107 pedes
875 1023 951 1099 llll,
974 1062 1014 1071 —
1040 1023 1072 1086 iu
1097 1024 1334 1107 longitudinem

153 1130 247 1212 pedes
277 1127 380 1207 CXX,
415 1130 447 1192 in
479 1130 671 1212 quadratum
704 1134 809 1193 actum
842 1133 874 1191 et
895 1126 997 1191 latum
1031 1135 1062 1193 et
1091 1129 1224 1212 longum
1249 1128 1333 1193 esse⁸

130 1233 249 1299 'CXX
297 1234 400 1298 Multa
424 1235 549 1317 antiqui
574 1234 768 1298 duodenario
791 1255 923 1297 nurnero
946 1234 1108 1307 finierunt,
1133 1240 1169 1298 ut
1190 1233 1254 1298 Xll
1278 1236 1334 1297 de-

155 1339 251 1403 curiis
276 1339 411 1403 actum⁴.
458 1341 510 1403 35.
547 1338 745 1424 Iugerum
779 1340 898 1404 dictum
922 1339 1039 1402 iunctis
1063 1339 1186 1404 duobus
1208 1341 1335 1405 actibus

154 1444 344 1527 quadratisl.
390 1443 599 1509 Centurio
633 1445 734 1526 primo
759 1444 802 1506 a⁶
826 1449 952 1507 centuni
978 1444 1141 1528 iugeribus
1165 1445 1250 1508 <licta
1273 1451 1335 1517 est.

155 1554 228 1630 post
252 1549 414 1632 duplicata
436 1551 569 1614 retinnit
591 1572 704 1612 nomen
731 1585 781 1612 —.

242 1655 293 1717 40.
325 1653 501 1717 Praedia
517 1655 610 1730 dicta,
635 1655 711 1718 iteni
730 1659 766 1717 ut
781 1655 970 1738 praedes,
995 1678 1013 1716 a
1030 1657 1230 1738 praestando,
1248 1657 1332 1739 quod

155 1778 191 1820 ea
214 1758 347 1841 pignore
371 1761 446 1823 data
470 1758 595 1842 publice
617 1757 799 1842 mancupis⁷
824 1760 916 1823 fidem
943 1765 1113 1842 praestent.

127 1914 129 1919 .
242 1865 293 1926 55.
332 1864 441 1946 Ager
474 1864 624 1928 Roman
638 1888 683 1927 us
714 1866 851 1948 primum
887 1866 1005 1928 divisus
1038 1866 1071 1928 in
1097 1867 1197 1949 partis
1221 1870 1332 1943 triac

157 1990 220 2051 quo
244 1968 347 2031 tribus
372 1969 531 2052 appellata
556 1968 745 2033 Titiensium
761 1968 787 2039 ⁸.
819 1968 1000 2047 Rarnnium,
1024 1970 1189 2034 Lucerum.
1214 2009 1254 2018 —
1281 1973 1333 2036 56.

157 2074 209 2137 Ab
237 2073 298 2137 hoc
328 2079 479 2156 quattuor
512 2097 637 2158 quoque
668 2075 769 2157 partis
802 2075 889 2137 urbis
913 2076 1016 2138 tribus
1038 2077 1157 2153 dictae,
1191 2077 1231 2140 ab
1256 2076 1334 2141 locis

156 2178 324 2243 Suburana
350 2179 495 2243 Palatina
519 2180 687 2264 Esquilina
711 2179 850 2256 (lollium
883 2181 1005 2264 quinta,
1029 2182 1111 2264 quod
1136 2182 1195 2244 sub
1221 2181 1334 2259 lloma,

157 2282 312 2355 Romilia:
336 2285 380 2346 sic
397 2284 536 2368 reliquae
552 2286 705 2368 triginta⁹
722 2286 761 2349 ab
778 2285 829 2349 his
845 2286 949 2361 rebus,
973 2286 1089 2368 quilius
1105 2287 1135 2348 in
1154 2286 1335 2351 tribuum¹⁰

153 2387 237 2452 libro
261 2391 383 2472 scripsi.

244 2495 294 2558 80.
332 2495 513 2559 Praetor
536 2497 648 2570 dictae,
673 2495 725 2579 qui
752 2496 890 2578 praeiret
912 2496 981 2560 iure
1005 2501 1036 2559 et
1052 2497 1206 2566 exercitu:
1232 2518 1333 2581 aquo

155 2599 188 2662 id
211 2598 411 2663 Lucilius¹¹:
436 2601 533 2685 ‘Ergo
558 2604 740 2684 praetorum
764 2604 910 2663 estante
933 2607 965 2664 et
987 2602 1130 2684 praeire’

245 2702 296 2767 81.
332 2710 598 2779 Quaestores
622 2729 640 2768 a
664 2707 852 2789 quaerendo,
878 2708 933 2789 qui
949 2707 1172 2790 conquirerent
1189 2708 1335 2790 publicas

156 2809 305 2892 pecunias
329 2815 360 2873 et
375 2811 538 2885 maleficia,
563 2834 643 2894 quae
668 2812 829 2876 triumviri
853 2813 1005 2895 capitales
1022 2835 1105 2876 nunc
1121 2814 1332 2896 conquirunt;

157 2915 197 2978 ab
221 2915 271 2978 his
295 2920 405 2998 postea
428 2917 482 2999 qui
500 2917 721 3000 quaestionum
744 2919 859 2981 iudicia
876 2922 1030 2993 exercent,
1047 2923 1230 3000 quaestores
1247 2918 1334 2982 dicti.

245 3020 295 3086 83.
335 3020 493 3084 Pontuf
499 3022 595 3098 icas,
619 3027 694 3086 ut¹²
723 3022 875 3087 Scaevola
898 3022 1037 3098 Quintus
1060 3022 1215 3105 pontufex
1231 3024 1331 3086 maxi·

157 3149 226 3191 nius
249 3125 383 3201 dicebat,
409 3150 427 3191 a
449 3150 541 3210 posse
564 3133 596 3191 et
619 3128 731 3205 facere,
756 3133 792 3192 ut
815 3129 974 3212 potifices¹
988 3132 1019 3202 3;
1044 3149 1103 3211 ego
1127 3151 1146 3189 a
1162 3132 1259 3209 ponte
1282 3151 1336 3191 ar-

156 3232 273 3295 bitror:
305 3253 378 3293 nain
407 3231 446 3294 ab
471 3231 520 3294 liis
544 3233 696 3296 sublicius
724 3238 772 3296 est
794 3233 899 3298 factus
925 3233 1071 3316 primurn,
1103 3239 1140 3295 ut
1163 3234 1333 3296 restitutus

156 3359 262 3419 saepe,
296 3359 365 3400 curn
397 3337 511 3402 ideo¹⁴
547 3361 638 3402 sacra
666 3344 698 3402 et
722 3340 769 3401 uls
801 3346 832 3401 ot
855 3339 899 3402 cis
923 3337 1063 3401 Tiberini
1097 3360 1158 3401 non
1185 3340 1336 3403 mediocri

156 3443 220 3507 ritu
247 3443 335 3507 fiant.

245 3546 296 3610 86.
321 3545 346 3609 F
357 3569 373 3610 e
384 3547 416 3609 ti
428 3546 464 3609 al
475 3568 523 3622 es,
547 3546 631 3629 quod
648 3546 720 3608 fidei
738 3546 882 3628 publicae
898 3547 982 3610 iuter
1000 3547 1133 3629 populos
1150 3554 1336 3629 praeerant:

231 3792 255 3855 ll
274 3810 341 3859 αγρο
361 3791 393 3843 F.
416 3822 443 3829 —
466 3792 494 3859 2)
511 3789 586 3859 quod
606 3789 639 3842 F.
661 3821 692 3827 —
711 3790 738 3858 3)
757 3792 849 3844 ‘estet
868 3788 902 3853 F,
922 3796 993 3843 esset
1006 3790 1093 3843 ceteri*
1114 3791 1232 3858 Spcupel.
1259 3825 1285 3830 —
1307 3796 1337 3857 4}

155 3880 195 3933 eie
207 3878 256 3945 1³¹,
275 3883 353 3932 actus
368 3878 415 3932 F'.
436 3910 468 3916 —-
488 3881 515 3947 5)
535 3878 607 3930 Plin.
622 3879 647 3930 lt.
663 3882 801 3942 n.1rl,3‚9:
821 3878 920 3945 lugam
934 3878 1095 3940 vocabatur,
1113 3878 1186 3948 quod
1201 3896 1256 3933 nno
1268 3878 1338 3948 iugo

156 3968 240 4022 boum
265 3967 293 4019 in
319 3966 364 4018 dic
386 3968 496 4019 exarari
514 3968 622 4035 posset;
647 3966 734 4025 actus,
762 3964 790 4017 in
809 3982 864 4032 quo
883 3964 966 4019 bores
986 3967 1137 4033 agerentur
1155 3982 1217 4019 curn
1238 3969 1338 4021 aratro

158 4073 214 4109 uno
233 4054 340 4122 impetu
359 4051 441 4106 iusto.
474 4053 524 4107 Hic
541 4055 603 4106 erat
622 4051 693 4106 CXX
713 4052 821 4121 pedum,
847 4052 1062 4122 duplicatusque
1079 4054 1108 4106 in
1128 4053 1334 4122 longitudinem

157 4141 284 4208 iugerum
305 4138 427 4193 faciebat
447 4139 492 4208 Sp.
514 4172 540 4179 -
565 4144 592 4206 ὅ)
612 4141 702 4208 primo
721 4143 747 4207 a]
766 4139 859 4210 prima
880 4140 912 4195 F.
935 4172 962 4179 —
985 4143 1011 4207 7)
1030 4157 1180 4209 uiaucupes
1201 4142 1231 4193 F.
1255 4172 1284 4180 -
1305 4142 1335 4210 8)

157 4227 320 4281 tritiensium
341 4227 373 4279 F.
398 4259 424 4265 -
447 4228 474 4296 9)
494 4228 564 4281 trita
584 4228 616 4280 F.
640 4259 667 4267 -
692 4228 734 4296 10)
754 4228 858 4281 tribum
874 4229 906 4281 F.
932 4261 953 4269 -
983 4232 1023 4295 ll)
1044 4229 1129 4283 Lucili
1147 4230 1336 4298 proposuitd.

158 4314 278 4382 Speupel.
301 4345 325 4353 —
354 4315 395 4383 12)
415 4333 431 4367 a
451 4318 500 4369 ius.
516 4316 548 4369 F.
571 4348 598 4354 -
625 4317 667 4384 13)
685 4317 829 4386 pontifices
848 4317 878 4369 F
903 4349 933 4356 -
956 4318 997 4386 14)
1016 4317 1077 4372 ideo
1093 4318 1127 4383 F,
1147 4317 1175 4370 in
1195 4334 1227 4373 eo
1247 4317 1337 4371 Muel-

157 4402 319 4468 ler,eade1n
339 4404 373 4456 A.
395 4404 513 4471 Speupel.
547 4403 656 4471 {alluitur
675 4404 747 4456 inde.
776 4404 825 4456 Tu.
848 4405 894 4471 ll]
