2992 5040
632 335 850 402 Agrimenaorcs.
1296 333 1334 397 91

160 527 233 588 que
256 530 314 590 pro
334 509 400 573 tuis
416 511 519 575 aunt¹.
554 511 598 575 Hi
616 513 685 596 agri
703 512 790 594 leges
807 510 1008 594 accipiuntab
1025 510 1087 588 his,
1104 510 1159 594 qui
1175 515 1341 574 veteranos

160 610 327 690 deducunt,
344 618 376 677 et
392 614 438 677 ita
454 616 617 698 propriam
634 616 890 681 observationem
906 637 1015 680 eorum
1031 615 1081 678 lex
1098 615 1173 679 data
1189 619 1340 697 praestat.

368 789 398 852 2.
434 787 495 853 De
519 791 871 855 controversiis
903 812 1130 875 agrorum.

612 927 757 984 Frontinus
777 927 845 982 tiber
865 927 882 981 Ι.

247 1045 402 1111 Materiae
425 1048 713 1112 controversiarum
738 1053 814 1110 sunt
837 1048 926 1125 duae,
951 1047 1023 1111 finis
1047 1056 1079 1112 et
1094 1049 1197 1124 locus3
1221 1086 1260 1096 -
1286 1069 1341 1132 ge·
1369 1049 1394 1103 9·

161 1171 236 1214 nera
259 1156 334 1214 aunt
357 1153 645 1216 controversiarum
668 1151 763 1215 XV²:

248 1253 295 1338 (1)
329 1255 383 1319 De
406 1256 611 1339 positione
640 1259 903 1322 terminorum
937 1259 1153 1323 controversia
1180 1265 1228 1323 eat
1258 1256 1394 1322 inter10·

160 1360 238 1424 duos
262 1361 409 1444 pluresve
432 1363 570 1439 vicinam
596 1363 682 1426 inter
705 1365 794 1441 duos,
820 1387 859 1427 an
884 1364 991 1447 rigore
1014 1365 1057 1426 ait
1075 1369 1251 1428 ceterorum
1275 1364 1342 1427 sive

158 1465 322 1541 rationis³;
338 1467 424 1530 inter
440 1467 557 1550 pluma,
575 1468 731 1532 trifinium
749 1468 848 1532 faciat
864 1492 903 1533 an
923 1469 1161 1552 qiradrifinium.
1179 1507 1220 1515 -
1235 1467 1273 1534 F.
1287 1473 1340 1533 39.

158 1570 196 1633 A.
218 1575 269 1635 70.

245 1674 293 1758 (2)
329 1674 381 1738 De
405 1677 501 1760 rigo
515 1678 580 1740 re⁴
605 1679 826 1741 controversia
850 1684 899 1743 est
922 1715 974 1751 -—·,
1000 1677 1147 1761 quotiens
1162 1679 1247 1742 inter
1261 1679 1340 1743 duos
1354 1687 1395 1739 11.

158 1780 302 1862 pluresve
334 1782 487 1845 terminos
521 1783 701 1860 ordinatos,
736 1784 801 1846 sive
833 1804 914 1866 quae
942 1783 1006 1846 alio
1028 1784 1137 1869 signa,
1170 1784 1342 1848 secundum

156 1885 257 1968 legem
283 1886 461 1951 Mamiliam
484 1886 572 1950 intra
594 1889 735 1971 quinque
761 1889 856 1970 pedes
880 1889 998 1972 agitur.
1042 1888 1205 1953 F.37.41.
1230 1891 1270 1953 Α.
1285 1892 1340 1953 72.

245 1990 292 2075 (3)
328 1991 375 2055 De
407 1992 423 2055 f
431 1993 505 2055 ine
537 1992 652 2054 similia
683 1997 731 2056 est
755 1992 990 2068 controversia3
1015 2029 1056 2039 -
1080 2015 1153 2057 nam
1177 1997 1210 2057 et
1233 1993 1342 2057 eadem
1354 1994 1395 2048 12·

158 2096 227 2177 lege
258 2097 440 2160 continetur
476 2100 507 2160 et
540 2097 577 2159 de
607 2096 748 2180 quinque
778 2098 894 2180 pedum
927 2098 1036 2181 agitur
1068 2097 1240 2162 latitudine
1252 2099 1274 2160 ⁶.
1301 2134 1340 2144 »-

159 2200 197 2265 F.
215 2206 266 2266 37.
278 2207 329 2266 41.
354 2204 393 2266 A.
414 2207 466 2265 72.
491 2201 533 2266 H.
551 2205 626 2264 126.

245 2305 291 2388 (4)
328 2305 375 2370 De
399 2307 499 2369 loco
529 2304 746 2368 controversia
771 2309 832 2382 est,
864 2327 933 2369 curn
958 2304 1057 2389 quid⁶
1082 2307 1204 2370 excedit
1228 2305 1394 2391 supra⁷13.

156 2411 304 2492 scriptam
330 2411 541 2484 latitudinem,
575 2409 664 2472 cuius
687 2409 800 2474 modus
825 2434 843 2472 a
866 2409 1010 2494 petente⁸
1034 2434 1098 2475 non
1122 2413 1339 2495 proponitur⁹.

245 2655 270 2720 1)
289 2653 372 2709 Sicut.
395 2658 481 2721 aar:
505 2659 604 2725 captus
624 2687 656 2695 —
677 2673 744 2726 ager
772 2674 804 2710 ex
823 2657 903 2711 hoste
921 2655 1020 2711 victori
1041 2654 1125 2708 militi
1149 2659 1340 2725 veteranoque

155 2743 198 2794 eat
218 2738 385 2809 adsignatus
407 2772 446 2792 —.
485 2742 543 2798 Nec
562 2747 656 2798 tamen
677 2744 806 2798 omnibus
825 2745 948 2813 personia
968 2742 1050 2797 victis
1069 2744 1160 2797 ablati
1180 2748 1246 2797 sunt
1264 2745 1341 2813 agri;

156 2845 221 2880 nam
245 2827 421 2896 quorundam
442 2830 571 2898 dignitas
590 2834 640 2884 ant
659 2832 757 2899 gratia
775 2836 826 2886 ant
845 2831 971 2886 amicitia
987 2832 1119 2886 victorem
1132 2832 1230 2886 ducem
1244 2832 1342 2896 movit,

157 2919 190 2969 ut
207 2915 247 2969 eia
266 2917 302 2984 (ci
321 2916 390 2984 cod)
412 2918 577 2972 concederet
596 2935 679 2985 agros
698 2936 774 2982 enon
795 2948 824 2957 —
847 2917 1042 2986 inscriptiones
1059 2918 1155 2987 itaqua
1168 2919 1198 2972 in
1209 2919 1343 2972 centuriis

157 3007 223 3056 sant
242 3003 329 3056 tales:
352 3033 381 3042 -
405 3004 596 3071 ‘adsignatum
618 3006 661 3058 illi
682 3006 816 3068 tantum';
836 3007 901 3059 inde
920 3007 1106 3074 subscriptum
1127 3010 1170 3059 eat
1183 3024 1284 3061 nomen
1298 3009 1341 3063 cui

155 3106 311 3144 concessam
337 3093 386 3151 est,
406 3091 589 3161 inscriptione
609 3093 676 3147 tali:
698 3092 847 3147 'redditum
866 3092 908 3145 illi
929 3092 1062 3156 tautum';
1091 3097 1240 3162 praeterea
1257 3095 1343 3164 scrip·

155 3181 216 3230 tum
236 3181 279 3231 eet
298 3181 341 3232 et:
368 3178 517 3232 ‘redditum
537 3182 567 3233 et
588 3183 792 3234 commutatum
812 3196 863 3248 pro
882 3178 948 3241 aao',
975 3179 1048 3247 quod
1069 3178 1130 3235 ideo
1149 3181 1188 3243 fit,
1208 3181 1342 3249 quoniam

155 3264 311 3333 particulas
330 3264 467 3333 quaedam
488 3284 623 3333 agrorum
643 3267 670 3319 in
691 3266 808 3321 diversis
827 3266 893 3321 locis
912 3265 1049 3320 habentes
1069 3266 1133 3330 duo,
1157 3267 1259 3336 quibus
1278 3268 1342 3335 agri

154 3351 360 3414 reddebantur,
395 3355 426 3405 ut
451 3354 613 3408 continuam
640 3355 837 3423 possessionem
865 3353 1016 3415 haberent,
1045 3353 1158 3408 modum
1183 3372 1234 3423 pro
1259 3354 1341 3411 modo

155 3441 280 3506 (modum
301 3441 375 3499 iibri)
396 3441 548 3494 secundum
569 3441 726 3495 bonitatem
746 3442 895 3501 taxabant,
923 3443 952 3494 et
971 3440 999 3493 in
1020 3441 1109 3495 locum
1128 3442 1194 3503 eiua,
1219 3441 1293 3509 quod
1312 3442 1339 3495 in

155 3527 266 3583 diverso
284 3532 355 3594 erat,
375 3530 508 3583 maiorem
528 3531 639 3597 partem
659 3530 774 3598 occepit.
810 3528 851 3596 Of.
872 3528 932 3582 Lac
950 3545 1006 3597 apr.
1026 3531 1071 3582 80.
1091 3557 1123 3568 -
1143 3529 1171 3595 2)
1190 3528 1343 3585 Frontiana

155 3632 244 3670 omnev
261 3617 311 3669 has
329 3616 524 3670 controversiae
543 3615 583 3667 biv
601 3620 712 3680 tractat,
733 3616 802 3668 libro
821 3616 840 3667 1
856 3616 930 3668 treci
946 3614 1105 3680 definitione,
1124 3615 1193 3669 titro
1211 3616 1249 3668 11
1263 3633 1341 3670 acca·

155 3706 256 3758 ratiore
274 3704 464 3770 deputatione,
483 3718 565 3768 qaam
576 3703 717 3769 Apronius
730 3703 825 3770 sativa
837 3705 931 3770 repetit
937 3722 946 3769 ‚·
967 3702 1093 3771 Hypinve
1104 3719 1151 3757 aaa
1163 3710 1270 3757 tantvm
1281 3721 1341 3758 coa·

155 3793 346 3845 troversiarum
362 3807 460 3858 penora
478 3790 604 3857 explicat.
641 3790 714 3858 Qvoa
726 3796 848 3843 avctorev
860 3790 1125 3858 adunationemque
1137 3793 1342 3844 controversam

154 3879 290 3932 adnotavi.
318 3908 351 3917 -
380 3879 406 3945 3)
425 3877 544 3931 rationis
563 3877 603 3931 vel
621 3878 745 3932 rationes
765 3878 840 3937 latri.
861 3877 973 3932 ratione
992 3878 1015 3930 ei
1032 3878 1143 3932 Lachm
1162 3909 1194 3917 -
1214 3879 1241 3946 4)
1260 3877 1340 3931 Bait·

154 3969 233 4032 98,6.·
261 3965 337 4032 rigor
362 3968 419 4025 eat,
447 3965 583 4033 quidquid
607 3965 682 4019 inter
701 3965 756 4020 duo
775 3965 858 4033 signa
879 3964 966 4018 veluti
995 3965 1051 4030 (uel
1073 3966 1136 4018 iibri
1149 3966 1284 4033 plerique)
1312 3964 1341 4017 in

157 4053 268 4108 modum
290 4052 382 4106 lineae
401 4056 507 4107 rectum
528 4053 696 4121 perspicitur
716 4053 914 4122 (praespicitur
926 4052 966 4106 cel
978 4053 1147 4121 prospicitur
1160 4052 1241 4122 libri).
1263 4082 1293 4091 —
1313 4053 1343 4116 5)

153 4142 220 4210 App.
240 4144 334 4207 12,12:
359 4140 399 4193 De
418 4141 471 4194 fine
492 4170 521 4179 -
545 4140 589 4194 lex
610 4141 740 4194 Mamilia.
759 4141 882 4209 quinque
901 4143 951 4193 aut
971 4156 1016 4192 aex
1037 4139 1137 4208 pedum
1159 4139 1341 4192 latitudinem

154 4228 331 4297 praescribit.
360 4259 392 4266 -
419 4228 447 4295 6)
466 4244 527 4281 curn
547 4228 626 4298 quid]
651 4229 772 4294 Laetam,
792 4227 926 4297 quidquid
948 4227 1018 4280 libri.
1039 4255 1070 4266 -
1091 4228 1118 4294 7)
1136 4241 1223 4294 cupra
1242 4225 1343 4290 Garis„

153 4314 289 4384 quidquid
310 4318 374 4369 Arc.
394 4347 429 4354 —
448 4316 475 4374 8)
496 4317 532 4368 ad
552 4318 697 4384 patentem
720 4317 789 4369 libri.
809 4344 844 4354 -
863 4315 890 4382 9)
910 4314 956 4366 Aa
973 4314 1180 4367 controversiam
1198 4313 1230 4366 de
1246 4313 1301 4379 fiae
1318 4320 1343 4367 et

154 4403 187 4457 de
204 4403 262 4457 ioco
280 4410 400 4470 spectant
420 4403 447 4457 0.
467 4406 595 4469 3,39‚3.5‚·
620 4403 655 4470 cf.
676 4402 743 4456 laid.
763 4405 873 4464 2‚25,11.
912 4399 984 4455 aaa.
1002 4403 1019 4464 §
1036 4402 1129 4453 75.76.
