2992 5040
563 326 641 386 Coto,
661 324 695 378 de
714 326 776 394 agri
795 324 916 378 cultura.
1292 325 1331 386 51

244 506 272 570 8.
311 506 437 571 Socium
470 526 509 569 ne
540 526 632 589 quem
664 503 793 578 habeto,
829 502 891 565 nisi
921 524 1014 585 quern
1039 502 1184 565 dominus
1208 502 1336 566 iusserit

154 617 213 674 aut
238 617 352 675 custos

244 717 275 780 9.
298 716 408 801 Siquid
435 716 642 799 redemptoris
665 736 762 799 opera
784 714 912 778 domino
928 713 1037 777 damni
1057 713 1165 776 datum
1182 713 1250 791 erit,
1276 713 1335 776 viri

159 821 232 883 boui
260 821 417 884 arbitratu
440 822 621 886 deducetur.

246 927 296 991 10.
332 925 367 990 si
389 928 493 991 virde¹
525 927 628 991 oleum
652 948 731 1010 opus
755 926 825 1003 siet,
850 926 957 989 facito.

248 1032 299 1097 ll.
335 1032 469 1096 decedet
492 1033 597 1096 oleum
620 1037 652 1095 et
674 1032 740 1095 sale
761 1053 837 1094 suae
860 1030 963 1094 usioni
987 1029 1070 1113 qnod
1094 1029 1172 1093 satis
1188 1029 1257 1105 siet,
1281 1050 1336 1092 va·

158 1137 277 1199 sarium
302 1137 374 1201 vict.
398 1134 439 1200 II.

249 1242 274 1303 1.
316 1237 439 1304 ⁹Oleam
466 1242 652 1323 pendentem
676 1239 737 1305 hac
758 1240 829 1324 lege
852 1241 960 1304 venire
986 1244 1122 1323 oportet.
1350 1230 1460 1286 ΟΧῙΝῙ

249 1348 278 1410 2.
314 1344 392 1410 Olea
420 1347 558 1429 pendens
584 1347 617 1409 in
640 1346 740 1409 fundo
763 1343 905 1409 Venafro
929 1345 1059 1408 venibit.

246 1453 276 1514 3.
312 1450 372 1525 Qui
397 1452 496 1515 oleam
526 1451 647 1526 emerit,
681 1450 817 1534 amptius
845 1472 939 1533 quam
966 1451 1077 1533 quanti
1101 1451 1213 1514 emerit
1236 1450 1338 1514 omnis

160 1557 311 1639 pecuniae
335 1557 506 1621 centesima
523 1556 658 1632 accedet,
674 1556 882 1638 praeconium
899 1577 1048 1638 praesens
1064 1579 1103 1618 ss.
1121 1579 1137 1619 n
1153 1561 1185 1620 et
1200 1555 1338 1620 oleuni³z

161 1667 325 1734 Romanici
350 1695 373 1737 r.
394 1693 433 1733 oo
452 1695 478 1749 n,
503 1671 614 1734 viridis
637 1694 662 1733 e.
680 1693 722 1747 er,
746 1668 832 1733 oleae
856 1670 991 1733 caducae
1010 1653 1033 1725 ii
1052 1671 1257 1747 1.,strictivae
1280 1652 1339 1733 dix

156 1775 280 1858 {modio
305 1775 423 1839 oleario
447 1798 589 1840 mensum
606 1775 705 1859 dato),
731 1775 881 1861 unguinis
898 1797 922 1840 e.
941 1798 968 1838 x.
994 1776 1185 1857 ponderibus
1207 1775 1338 1839 modiis-

163 1902 223 1963 que
246 1881 365 1943 domini
389 1882 474 1944 dato.
512 1883 534 1961 †
557 1881 597 1943 iri
620 1881 669 1963 pri
693 1880 829 1963 primae⁴
853 1880 975 1943 cotulas
999 1880 1085 1943 duae.

249 1989 278 2048 4.
313 1984 391 2049 Dies
415 1992 548 2071 argento
573 2009 610 2049 ex
636 1987 666 2048 k.
690 1984 772 2050 Nov.
798 2007 942 2048 mensum
966 2009 981 2048 x
1006 1986 1093 2048 oleae
1115 1985 1267 2070 legendae
1289 1985 1339 2050 fa·
1363 1995 1383 2058 2

161 2090 306 2155 ciendae:
330 2113 411 2174 qnae
435 2092 538 2155 locata
562 2096 619 2167 est,
642 2097 675 2155 et
698 2091 725 2154 si
748 2095 872 2174 emptor
895 2091 1017 2165 locarit,
1042 2091 1146 2154 idibus
1168 2091 1293 2155 solvito

250 2199 279 2258 5.
320 2194 418 2260 Recte
448 2198 524 2261 baec
548 2198 616 2260 dari
639 2197 771 2280 fierique
794 2196 934 2279 satisque
958 2197 1025 2258 dari
1048 2196 1186 2273 domino,
1210 2198 1339 2261 outoni

163 2301 329 2378 iusserit⁶,
362 2303 541 2385 promittito
576 2303 716 2385 satisque
742 2302 815 2365 dato
843 2302 1002 2365 arbitratu
1029 2302 1158 2366 domini.
1193 2303 1340 2366 donicum

164 2405 303 2469 solutum
328 2408 389 2470 erit
413 2413 469 2470 ant
484 2407 530 2470 ita
545 2409 623 2470 eatis
639 2408 748 2470 datum
765 2407 836 2484 erit,
860 2429 940 2490 quae
956 2406 988 2469 in
1006 2405 1104 2469 tundo
1119 2405 1221 2471 inlata
1236 2412 1339 2485 erunt,

163 2510 286 2592 pigneri
314 2518 418 2574 sunta.
455 2533 494 2575 ne
520 2511 594 2594 quid
620 2533 727 2574 eorum
755 2511 792 2574 de
813 2512 910 2573 t'undo
934 2511 1108 2593 deportato.
1141 2512 1167 2573 si
1191 2510 1267 2594 quid
1284 2511 1338 2575 de·

163 2615 348 2695 portaverit,
376 2616 495 2678 domini
524 2619 600 2678 estc.

250 2720 279 2783 6.
319 2720 402 2784 Vasa
425 2721 557 2797 torcula,
591 2719 692 2797 funes,
726 2721 836 2798 scalas,
868 2724 1020 2803 trapetos,
1049 2722 1176 2806 siquid
1206 2728 1238 2786 et
1259 2724 1382 2791 aliutu

165 2823 272 2887 datum
290 2824 360 2901 erit,
385 2824 473 2888 solva
497 2830 581 2889 recte
605 2826 737 2902 reddito,
761 2826 822 2889 nisi
846 2847 927 2909 quae
947 2829 1104 2890 vetustate
1120 2827 1223 2893 fracta
1238 2834 1339 2893 erunt.

163 2928 274 2991 sinon
300 2930 417 3007 reddet,
442 2952 576 3013 aequom
599 2930 725 2993 solvito.

253 3033 281 3096 7.
314 3031 348 3096 Si
372 3039 495 3117 emptor
519 3034 633 3120 legalis
657 3040 689 3099 et
712 3036 897 3112 factoribus,
927 3038 982 3120 qui
1006 3037 1072 3101 illio
1095 3060 1173 3121 opus
1197 3038 1341 3117 fecerint,

165 3160 227 3201 non
251 3137 392 3215 solverit,
416 3139 466 3202 cui
483 3141 550 3202 dari
568 3141 738 3224 oportebit,
755 3142 781 3204 si
799 3141 945 3205 dominus
960 3142 1056 3217 volet,
1077 3143 1194 3207 solvat:
1218 3151 1342 3229 emptor

164 3243 293 3306 domino
325 3244 437 3307 debeto
468 3250 500 3307 et
531 3246 563 3308 id
594 3246 672 3309 satis
696 3247 788 3323 dato,
821 3268 942 3328 proque
965 3267 1002 3309 ea
1025 3247 1126 3310 reita
1149 3249 1243 3312 ntia.
1267 3274 1290 3315 a.
1316 3273 1340 3314 e.

165 3346 240 3412 item
264 3348 391 3430 pignori
415 3354 520 3413 sunto.

255 3455 283 3516 l.
321 3451 405 3517 δΗεκ)
427 3454 497 3539 lege
520 3456 629 3520 vinum
653 3458 791 3539 pendens
816 3459 921 3521 venire
944 3461 1080 3540 oportet.
1361 3466 1482 3523 CXLVII

253 3561 282 3622 2.
323 3557 348 3620 V
352 3560 477 3622 inaceos
500 3560 619 3624 inlutos
642 3568 674 3623 et
697 3560 815 3626 faecem
841 3561 1022 3646 relinquito.

252 3666 280 3728 3.
315 3664 416 3728 Locus
448 3666 529 3728 vinis
560 3667 598 3728 ad
623 3666 653 3727 k.
675 3664 787 3729 Octob.
811 3669 930 3750 primas
954 3668 1092 3733 dabitur.
1132 3671 1244 3733 sinon
1269 3675 1343 3733 ante

164 3767 217 3832 ea⁷
242 3771 471 3852 exportaverit,
505 3770 650 3833 dominus
675 3772 748 3835 vino
772 3773 848 3855 qnid
873 3774 958 3836 volet
980 3775 1083 3838 faciet.

252 3877 282 3936 4.
318 3873 428 3938 Cetera
452 3875 510 3947 lex,
536 3897 617 3959 quae
640 3876 727 3939 oleae
751 3878 910 3960 pendenti.

256 3980 283 4041 1.
321 3976 455 4042 ⁸Vinum
479 3979 511 4041 in
536 3979 629 4042 doliis
653 3979 712 4043 boc
735 3981 828 4043 modo
852 3981 958 4043 venire
981 3986 1116 4064 oportet.
1363 3982 1487 4037 CXLVII

256 4146 281 4210 l)
301 4143 390 4213 uirde]
413 4144 509 4211 scripsi
536 4143 583 4210 (cs.
607 4143 796 4207 uirdiariumt,
823 4143 929 4197 uirdem
953 4145 979 4197 C.
999 4174 1032 4184 -
1052 4146 1081 4210 2)
1101 4144 1167 4198 CLV
1190 4144 1244 4200 Lex
1265 4146 1344 4202 oleae

167 4231 315 4302 pendentis
337 4233 419 4284 iader
440 4231 467 4283 0.
496 4261 529 4269 —
556 4231 585 4300 3)
609 4231 714 4300 oleum]
746 4231 782 4295 0,
809 4231 863 4286 olei
888 4232 945 4284 edd.
973 4263 1005 4271 -
1034 4235 1062 4297 4)
1079 4234 1118 4286 eir
1139 4232 1167 4288 C.
1196 4263 1226 4272 -
1257 4234 1284 4303 5)
1301 4233 1344 4287 ius

167 4319 222 4373 erit
243 4318 271 4374 C.
296 4349 329 4359 -
358 4321 387 4386 6)
406 4319 487 4372 CLVI
509 4319 562 4373 Lex
583 4319 640 4372 uini
660 4319 807 4388 pendentis
826 4320 907 4374 iudex
928 4320 955 4373 G.
984 4351 1016 4359 —
1036 4324 1064 4388 7)
1082 4336 1116 4374 ea
1133 4321 1200 4374 delet
1220 4321 1290 4376 Keil.
1310 4354 1344 4361 —

167 4407 194 4470 8)
213 4406 310 4461 CLVII
330 4406 385 4461 Lex
404 4406 470 4460 uino
493 4407 521 4459 in
541 4406 623 4461 doliis
642 4407 722 4460 index
741 4406 769 4461 0.

1098 4496 1132 4549 4*
