2992 5040
689 325 792 379 Festus.
1289 329 1328 392 31

151 503 265 587 Capito
288 503 459 581 existimat,
485 539 526 549 -
549 524 615 566 esse
638 502 759 565 dictum
775 501 868 564 initio
893 499 997 584 ‘quot'
1021 497 1133 578 hostis,
1156 505 1206 564 tot
1223 503 1328 575 servi',

153 607 280 693 [qucri']
297 611 347 672 tot
361 608 479 691 captivi
495 607 561 672 fere
576 607 616 670 ad
631 607 818 697 servitutem
835 604 1085 679 adducebantur,
1102 610 1168 669 cett.
1194 606 1233 669 F.
1252 612 1329 671 261.

153 711 371 777 Rduobus
399 713 432 774 iu
462 711 668 795 conpluribus
691 710 899 787 orationibus,
933 730 1005 774 cunr
1038 709 1075 772 dc
1098 710 1178 773 actis
1201 711 1328 775 disseri-

152 818 220 882 tur⁸
245 815 365 893 cuius⁴,
397 817 493 880 etiam
523 814 674 899 perscribi
704 814 803 890 solet,
833 815 865 877 id
889 817 937 877 est
960 812 1121 876 rationum
1145 813 1329 893 relatarum,

154 925 237 1008 quod
263 923 312 987 bis
334 921 454 986 tabulis
476 922 629 985 docentur
650 920 780 996 iudices,
804 941 886 1002 quae
909 915 1037 1000 publice
1059 917 1134 981 data
1157 923 1254 1003 atque
1277 941 1329 983 ac·

153 1034 244 1112 cepta
266 1027 357 1093 sint⁶.
404 1027 443 1090 F.
467 1029 544 1090 274.

154 1131 316 1196 Radere
338 1129 455 1218 gobius
477 1130 606 1193 vetitum
630 1135 677 1191 cst
701 1127 748 1211 in]
773 1128 843 1213 lege
858 1125 950 1203 XII‘,
973 1127 1004 1223 id
1022 1131 1070 1190 est
1086 1127 1248 1210 unguibus
1266 1128 1329 1211 [lu-

153 1260 262 1302 cerore
284 1237 412 1318 oratos}
460 1236 499 1299 F.
523 1238 600 1299 273.

155 1340 271 1426 Rapi
303 1341 472 1406 simulatur
503 1339 594 1424 virgo
617 1361 655 1402 ex
678 1338 803 1421 gremio
827 1339 949 1413 matris,
979 1344 1045 1415 aut,
1074 1339 1102 1401 si
1125 1361 1162 1403 ea
1187 1361 1249 1402 non
1273 1344 1331 1415 est,

155 1469 190 1512 ex
214 1446 360 1531 proxima
382 1444 622 1521 necessitudine,
655 1464 725 1506 cum
750 1443 790 1505 ad
814 1441 918 1506 virum
941 1443 1106 1520 truditur⁷,
1139 1445 1222 1527 quod
1247 1445 1332 1508 vide-

156 1551 229 1616 licet
251 1572 290 1616 ea
311 1572 361 1615 res
383 1550 522 1615 feliciter
547 1547 685 1612 Romulo
709 1547 812 1613 cessit.
864 1548 900 1611 F.
924 1552 1001 1613 289.
1026 1558 1079 1628 (=
1108 1553 1141 1614 P.
1165 1552 1249 1621 288)

156 1654 449 1740 Recepticium
478 1675 604 1718 servum
637 1652 716 1717 Cato
749 1654 784 1715 in
806 1653 956 1716 suasione.
975 1653 1055 1736 legis
1079 1653 1240 1718 Voconiae
1262 1675 1332 1718 cnm

156 1764 209 1838 ait,
233 1761 404 1846 significat,
429 1761 483 1844 qui
508 1760 548 1823 ob
574 1759 687 1822 vitium
714 1756 893 1821 redhibitus
913 1758 971 1821 sit:
994 1758 1060 1822 ‘ubi
1076 1758 1159 1821 irata
1174 1762 1259 1822 facta
1275 1764 1333 1836 est,

155 1888 281 1931 servum
304 1865 504 1950 recepticium
528 1866 645 1928 sectari
671 1868 768 1947 atque
785 1862 933 1946 flagitare
949 1864 1052 1927 virum
1069 1863 1177 1927 iubet'
1201 1864 1240 1929 F.
1253 1869 1332 1928 282.

157 1969 330 2035 Reciniu
345 1994 376 2034 nr
399 1992 493 2034 onrne
509 1969 737 2034 vestimentum
762 1969 952 2052 quadratum
978 1968 1029 2046 ii⁸,
1053 1970 1109 2052 qui
1131 1967 1210 2032 X11⁰
1235 1969 1334 2032 inter·

156 2076 272 2159 pretati
295 2080 380 2151 sunt,
404 2096 471 2137 esse
494 2073 657 2138 dixerunt:
682 2071 814 2138 Verrius
831 2078 951 2159 toganr,
975 2096 1039 2158 qua
1055 2074 1242 2137 mulieres¹⁰
1262 2079 1333 2137 ute·

157 2182 283 2256 bantur,
311 2184 546 2263 praetextam¹¹
575 2178 665 2242 clavo
689 2199 858 2261 purpureo.
904 2179 944 2243 F.
968 2182 1045 2242 274.

157 2284 431 2368 Reciperatio
463 2289 526 2359 est,
557 2291 594 2346 ut
617 2283 663 2346 ait
687 2280 798 2348 Gallus
825 2284 946 2360 belina,
978 2306 1049 2348 cum
1073 2285 1157 2348 inter
1182 2285 1334 2367 populum

156 2394 187 2453 et
209 2411 301 2474 reges
323 2390 531 2473 nationesque
554 2396 586 2453 et
609 2389 755 2453 civitates
779 2390 963 2474 peregrinas
986 2390 1037 2453 lex
1060 2389 1223 2465 convenit,
1253 2410 1334 2472 quo-

157 2495 250 2558 modo
280 2516 336 2578 per
359 2494 584 2577 reciperatores
614 2494 787 2557 reddantur
818 2518 867 2558 res
898 2494 1191 2578 reciperenturque,
1223 2515 1336 2577 resque

157 2601 298 2681 privatas
321 2600 405 2664 inter
426 2622 460 2664 se
484 2605 723 2682 persequantur.
776 2599 808 2662 F.
835 2605 911 2665 274.

157 2702 445 2788 Reciprocare
474 2726 531 2787 pro
560 2705 655 2768 ‘ultro
687 2705 830 2789 citroque
854 2710 990 2790 poscere'
1023 2706 1072 2769 usi
1095 2711 1171 2770 suut
1194 2704 1333 2789 antiqui,

156 2809 231 2892 quia
255 2830 385 2893 procare
408 2815 456 2873 est
478 2830 613 2892 poscere.
660 2809 698 2872 F.
724 2814 801 2873 274.
840 2810 909 2889 (Cf.
934 2811 1135 2887 Pronum.)

158 2911 465 2996 Redemptcres
496 2914 623 2997 proprie
657 2918 753 2997 atque
776 2915 910 2998 antiqua
932 2916 1159 2979 cousuetudine
1184 2915 1334 2979 diceban·

155 3024 218 3095 tur,
242 3016 316 3100 qui,
347 3038 419 3081 cunr
442 3017 519 3100 quid
543 3017 667 3100 publice
693 3017 873 3082 faciendum
896 3023 991 3082 ant¹²
1020 3020 1234 3102 praebendum
1257 3041 1335 3082 con-

157 3122 354 3186 duxerant¹³
373 3121 614 3206 effecerantque,
633 3129 702 3186 tum
719 3122 843 3187 demum
861 3126 1009 3208 pecunias
1024 3125 1237 3208 accipiebaut;
1262 3147 1337 3189 narn

157 3227 336 3311 antiquitus
360 3249 461 3291 emere
485 3250 543 3310 pro
567 3229 707 3312 accipere
734 3228 918 3311 ponebatur.
968 3231 1011 3292 At
1035 3229 1068 3292 hi
1085 3252 1169 3294 nunc
1187 3230 1337 3293 dicuntur

157 3333 381 3414 redemptores,
406 3332 460 3415 qui
484 3332 602 3415 qnid¹⁴
627 3333 847 3398 conduxerunt
870 3335 1082 3418 praebendum
1107 3336 1333 3419 utendumque.

159 3437 198 3500 F.
222 3441 299 3501 270.

162 3540 380 3624 ltelegati
411 3541 558 3605 dicuutur
590 3545 731 3626 proprie,
763 3545 877 3627 quibus
906 3545 1102 3629 ignominiae
1131 3550 1188 3608 aut
1213 3566 1333 3628 poenae

230 3784 256 3850 l)
274 3783 347 3852 quod
365 3784 420 3837 cod.
447 3814 480 3822 -
498 3783 526 3851 2)
545 3782 618 3851 quod
636 3784 749 3836 inseruit
768 3782 840 3836 Mne.
867 3784 978 3853 [Potine
995 3801 1044 3838 scr.
1064 3786 1138 3854 quod
1159 3784 1264 3854 captivi
1284 3778 1336 3853 pro

159 3874 203 3925 tot
222 3870 336 3939 captivi.
364 3871 414 3923 Ὶίι.
434 3871 482 3940 bi]
511 3900 544 3909 -
573 3873 601 3939 3)
619 3870 731 3924 disserti
748 3872 805 3925 cod.
831 3902 862 3911 -
891 3875 920 3938 4)
939 3873 1092 3943 [Excidisse
1111 3875 1236 3928 uidentur
1254 3876 1337 3927 talin.-

160 3957 290 4013 aduotari
310 3959 362 4012 vel.
397 3960 445 4012 Tu.
467 3959 501 4011 M.
531 3991 563 3998 -
591 3962 619 4026 5)
637 3959 810 4012 Pnbltcarom
833 3961 970 4013 rationum
990 3961 1097 4013 tabulae
1115 3963 1144 4013 r'n
1163 3963 1271 4015 torticiae
1290 3980 1337 4030 pn-

158 4045 234 4099 bb'cie
252 4046 507 4112 circumferebantur·
525 4046 657 4099 irrdr'eibns
679 4047 865 4114 irrepn'cr'cnrtoe.
905 4046 959 4100 Οἱς.
978 4065 1005 4116 p.
1026 4047 1114 4100 Bulbo
1132 4053 1200 4114 5,11.
1225 4049 1262 4102 ud
1279 4051 1338 4102 Art.

158 4136 248 4198 1,16,4.
273 4163 302 4171 —
323 4134 349 4201 6)
370 4151 391 4187 u.
411 4135 589 4203 torn.1p.3c'
608 4136 660 4189 tub.
673 4134 737 4199 ΧΑ.
760 4165 792 4173 -
811 4138 838 4202 7)
856 4136 936 4188 sicet
954 4135 1009 4188 eod.
1029 4141 1053 4188 et
1076 4136 1197 4202 l'rrrrlrrs;
1215 4136 1339 4189 trabitur

160 4219 234 4273 Mna
262 4251 295 4258 -
323 4220 350 4289 8)
369 4220 397 4274 bi
416 4221 472 4274 eod.
499 4252 529 4261 -
549 4224 576 4290 9)
596 4239 619 4274 o.
639 4229 699 4275 torn.
719 4223 738 4274 1
751 4240 777 4289 p.
797 4226 830 4274 35
848 4222 901 4276 tab.
924 4221 986 4285 X,3.
1011 4224 1107 4289 -10)
1129 4223 1171 4275 vir
1191 4225 1259 4292 toga
1278 4241 1339 4277 rnu-

159 4305 239 4361 tiares
258 4308 330 4372 eort.;
348 4308 445 4360 entend.
466 4307 586 4376 Lipsius.
608 4340 640 4347 -
661 4308 704 4376 ll)
724 4311 900 4376 praetextum
920 4310 975 4361 eod.
999 4340 1029 4351 -
1053 4312 1094 4379 12)
1113 4314 1145 4363 ut
1163 4311 1221 4364 cod.
1243 4341 1272 4349 -
1296 4311 1337 4376 18)

159 4393 342 4448 condixerant
359 4396 416 4448 cort.
440 4426 466 4434 -
490 4397 532 4465 lt)
552 4395 682 4465 quicquid
703 4396 760 4449 cod.
