2992 5040
688 111 793 169 Festus.
1289 114 1332 178 23

152 288 227 372 quia
257 285 309 373 [ut
332 289 441 367 liberi,
473 290 640 354 nicetium
663 289 810 375 clientes]
834 291 995 355 numerari
1019 291 1103 355 inter
1127 288 1333 375 domesticos

156 394 387 475 quodammodo
406 395 568 477 possuntt
616 395 657 460 F.
680 400 757 461 253.

154 496 205 562 Pe
218 520 235 564 c
246 522 266 562 u
280 500 290 563 l
303 507 347 564 at
358 522 404 565 us
427 505 475 565 est
498 522 582 564 nunc
601 501 729 584 quidem
745 499 994 585 qualecumque¹
1021 497 1183 582 publicum
1199 497 1332 572 lurtum,

157 602 209 666 sed
233 605 397 668 inductum
422 609 470 668 est
492 627 511 668 a
533 627 654 689 pecore,
678 609 714 669 ut
729 605 864 689 pecunia
882 626 1009 689 quoque
1023 604 1102 687 ipsa.
1136 600 1221 667 Iam²
1237 601 1333 667 etiam

155 708 242 772 noxii
266 730 378 792 pecore
399 709 631 788 multabantur,
655 709 731 794 quia
753 731 856 794 neque
873 709 955 774 aens
971 708 1074 773 adhuc
1091 729 1192 792 neque
1207 706 1334 790 argenti

156 820 226 878 erat
260 813 360 896 copia.
414 812 526 898 Itaque
560 835 707 898 suprema
741 813 845 878 multa
879 815 975 878 etiam
1009 835 1094 877 nunc
1128 810 1333 896 appellatur⁸.

156 919 192 983 L.
218 923 293 982 213.
340 920 391 998 (P.
415 923 510 1000 212.)

158 1020 327 1086 Pecula
340 1028 409 1087 tus
432 1022 553 1108 furtum
578 1022 741 1107 publicum
766 1023 827 1088 dici
851 1027 980 1107 coeptus
1003 1029 1051 1088 est
1073 1043 1234 1106 enecare,
1258 1021 1334 1106 qnia

158 1128 198 1191 ab
222 1149 260 1191 eu
282 1128 410 1192 initium
442 1130 510 1192 eius
542 1129 662 1193 fraudis
684 1151 752 1194 esse
774 1129 896 1212 coepit,
927 1128 1082 1212 siquidem
1106 1133 1180 1191 aute
1204 1149 1255 1191 aes
1278 1131 1334 1190 aut

155 1237 324 1315 argentum
354 1233 516 1317 signatum
550 1233 591 1298 ob
623 1234 739 1299 delicta
770 1257 871 1319 poena
894 1234 1085 1316 gravissima
1109 1236 1177 1297 erat
1199 1231 1333 1295 duarum

156 1338 261 1402 ovium
297 1344 330 1402 et
357 1337 449 1402 XXX
478 1339 613 1416 b0v11m3
647 1361 716 1404 eam
744 1339 863 1424 legem‘
894 1343 1069 1402 sanxerunt
1091 1335 1128 1400 Τ.
1151 1333 1334 1400 Menenius⁶

158 1440 297 1506 Lanatus
320 1449 353 1507 et
376 1442 410 1507 P.
428 1442 549 1508 Sestius
573 1443 772 1527 Capitolinus
796 1466 875 1517 cos.;
901 1465 983 1527 quae
998 1442 1141 1526 pecudes,
1165 1445 1333 1525 postquam

157 1569 228 1610 aere
251 1549 380 1632 signato
405 1549 452 1612 uti
475 1549 580 1633 coepit
602 1548 768 1633 plopulus)
786 1547 988 1633 R(omunus)‚
1012 1546 1148 1630 Tarpeia
1171 1547 1240 1628 lege
1259 1566 1334 1609 cau·

159 1660 227 1716 turn
258 1657 322 1732 est,
358 1659 393 1718 ut
423 1655 480 1717 bos
514 1654 731 1732 centussibus‚
766 1655 834 1718 ovis
869 1650 1069 1717 decussibus⁶
1102 1651 1332 1714 aestimaretur.

160 1756 296 1821 F.237.
342 1757 623 1841 (CIIOvibus.)

158 1861 394 1928 Peculium
419 1885 582 1928 servorum
606 1863 641 1927 a⁷
664 1887 777 1948 pecore
799 1865 876 1928 item
900 1865 1019 1927 dictum
1043 1866 1100 1936 est,
1133 1864 1169 1923 ut
1191 1857 1255 1923 est⁸
1280 1882 1332 1942 pe·

157 1968 249 2031 cunia
274 1975 402 2052 patrum
426 1967 577 2033 familiae.
625 1970 664 2033 F.
687 1975 765 2033 249.

157 2070 234 2136 Ped
247 2073 381 2138 arium
406 2076 601 2139 senatorem⁹
625 2076 786 2162 significat
802 2075 942 2139 Lucilius
964 2095 1061 2159 quom
1077 2073 1180 2136 ait¹⁰:
1204 2071 1334 2155 ‘Agipes

157 2197 264 2240 vocem
277 2177 405 2241 mittere
413 2179 543 2262 coepit'3
560 2180 672 2263 quiite
684 2178 874 2263 appellatur,
887 2178 1087 2263 quistacitus
1097 2175 1305 2240 transeund0¹
1319 2180 1327 2215 ¹

157 2281 194 2344 ad
212 2302 294 2358 eum,
319 2283 409 2346 cuius
424 2284 616 2348 sententiam
632 2285 757 2368 probat,
777 2285 851 2369 quid
868 2284 996 2359 sentiat.
1012 2283 1140 2347 indicat.
1166 2282 1203 2346 L.
1212 2283 1330 2344 210.Η

158 2385 317 2451 ‘Pedem
344 2389 462 2466 struit,
484 2390 517 2452 in
541 2388 604 2453 XII
628 2389 791 2474 significat
815 2389 929 2474 ‘rugia
953 2393 990 2452 ut
1012 2388 1058 2451 ait
1081 2384 1147 2450 Ser.
1165 2384 1333 2469 Sulpicius.

160 2491 193 2552 1..
216 2495 292 2555 210.
339 2491 409 2571 (Cf.
435 2491 674 2573 Strnere.)¹³

160 2594 344 2660 Pendere
367 2619 484 2680 poenas
505 2600 627 2664 solvere
643 2599 815 2683 significat,
840 2599 942 2675 abeo,
969 2599 1053 2682 quod
1070 2620 1140 2662 aere
1156 2597 1246 2682 gravi
1263 2618 1334 2660 cum

157 2706 325 2765 uterentur
345 2701 492 2781 Romani,
518 2728 615 2788 penso
639 2728 684 2783 eo,
708 2727 771 2768 non
789 2709 965 2781 numerato,
990 2704 1134 2767 debitum
1152 2701 1334 2765 solvebant:

157 2807 240 2870 unde
263 2808 358 2871 etiam
383 2809 612 2891 pensiones
635 2810 746 2873 dictae.
794 2814 828 2872 P.
853 2812 931 2872 208.

160 2909 524 2977 Percunctatunr
550 2911 815 2996 patrisfamiliae
841 2910 1241 2994 nomennequisservunr
1258 2908 1334 2971 mit·

157 3020 248 3091 teret,
273 3017 343 3099 lege
366 3023 511 3081 sanctum
534 3018 643 3096 fuisse,
667 3019 713 3082 ait
736 3017 816 3082 Cato
839 3017 872 3081 in
896 3039 933 3081 ea
955 3021 1058 3100 qua¹⁴
1087 3015 1190 3099 legem
1207 3011 1334 3078 Orcism

157 3121 327 3184 dissuadet.
376 3122 414 3186 F.
438 3127 517 3188 242.

159 3222 376 3309 [Plebeiae
407 3229 558 3291 tabernas
582 3228 674 3310 qluas
697 3232 822 3304 vocant,
847 3228 973 3308 noallra
997 3232 1101 3291 aetate
1127 3220 1335 3310 Vacemus

157 3352 223 3394 esse
255 3337 287 3394 et
314 3329 374 3394 Vll
396 3331 504 3395 terunt
536 3330 706 3415 [missen.
755 3331 904 3396 Plebeiae
927 3327 1143 3416 upsrcllalmus
1178 3349 1336 3412 agenore

247 3573 271 3640 1)
289 3572 510 3640 qualemcunque
528 3572 557 3640 Q.
586 3603 620 3611 -
647 3572 675 3640 2)
694 3589 760 3625 nam
785 3573 908 3627 Ursinus.
935 3603 968 3612 -
988 3574 1015 3640 3)
1034 3590 1090 3642 qua
1110 3570 1183 3625 XXX
1204 3572 1288 3627 boves
1307 3575 1337 3626 et
1383 3632 1385 3636 ¹

158 3657 184 3712 ll
202 3675 267 3714 ovea
285 3658 511 3712 aestimabantur
528 3661 659 3714 sundicae
677 3660 848 3727 ealderman
867 3661 902 3727 cf.
923 3660 955 3713 P.
966 3664 1014 3713 144
1034 3659 1186 3713 Maximam
1206 3660 1334 3713 multam.

159 3777 189 3785 -
209 3749 238 3814 4)
256 3764 290 3801 ea
309 3747 371 3814 lege
389 3746 439 3800 cod
467 3776 499 3784 -
519 3749 545 3812 5)
565 3747 710 3803 menenius
729 3747 784 3800 cod.
803 3777 838 3787 -
858 3749 885 3814 6)
898 3745 1060 3800 centusibus
1073 3776 1106 3784 -—
1119 3745 1264 3800 deensibus
1279 3747 1335 3800 cod.

164 3862 191 3873 -
210 3835 237 3899 7)
258 3851 274 3887 a
293 3850 342 3886 om.
362 3834 417 3887 cod.
450 3864 477 3872 -
508 3834 535 3900 8)
556 3851 588 3887 ex
608 3835 662 3888 cod.
693 3835 765 3903 [Era
785 3852 839 3904 ayo.
860 3835 909 3888 Tu.
936 3835 980 3904 11.)
1001 3866 1032 3874 -
1054 3837 1081 3899 9)
1097 3840 1161 3903 post
1179 3838 1334 3890 senatorem

158 3922 262 3975 lriutuur
280 3922 382 3975 iudicat
400 3922 433 3975 R.
455 3953 489 3961 -
510 3923 553 3990 10)
572 3940 656 3991 quom
674 3922 717 3976 ait
735 3939 784 3976 orn.
798 3923 830 3975 a.
851 3923 955 3975 locutum
974 3922 1106 3977 indicans.
1127 3952 1158 3960 -
1180 3922 1225 3989 ll)
1242 3921 1336 3977 trahe·

159 4008 262 4064 secando
287 4009 351 4078 QR.
379 4039 414 4048 —
444 4010 486 4078 12)
510 4010 551 4078 Cf.
571 4011 675 4063 (lollius
693 4013 761 4067 3,18.
793 4040 822 4048 -
853 4010 897 4076 13)
918 4007 959 4073 Cf.
980 4015 1041 4062 tour.
1062 4009 1079 4061 1
1092 4014 1201 4077 p.17‚2.
1231 4039 1263 4048 -
1293 4008 1336 4068 14)

158 4113 241 4165 quam
262 4099 317 4150 cod.
344 4127 379 4136 -
413 4101 454 4166 15)
474 4098 533 4151 Lia.
554 4103 677 4163 adeas:
705 4096 801 4152 eodem
822 4102 948 4166 tempore
976 4104 1013 4158 (a.
1032 4099 1094 4157 544)
1123 4094 1173 4148 Vll
1192 4095 1337 4159 tabernae,

159 4200 230 4252 quae
249 4191 347 4253 pastea
367 4183 399 4244 V.
419 4187 448 4239 et
468 4187 655 4253 argentariae,
674 4200 746 4253 quae
767 4200 840 4238 nunc
858 4198 948 4239 norae
966 4182 1158 4252 adpetuntur,
1179 4199 1278 4238 arsere.
