2992 5040
503 334 541 387 Ex
562 333 671 402 legibus
689 335 724 388 de
743 330 972 402 aquaeductibus.
1268 333 1332 397 265

151 512 322 576 cendorum
345 533 457 586 causa,
491 510 559 594 (¹⁰)
584 509 712 593 quaudo
735 508 812 572 urbs
835 529 891 592 per
915 508 1043 572 nouem¹
1069 508 1135 572 dies
1160 508 1230 591 (¹¹)
1254 508 1334 571 arsit

157 614 347 680 Neronianis
377 615 583 699 temporibus.
630 617 699 695 (¹²)
735 613 820 678 Hae
857 614 927 696 lege
958 614 1102 678 dedicata
1124 619 1189 692 est,
1220 636 1260 677 ue
1283 613 1333 676 eui

158 727 183 803 (¹
196 723 227 801 8)
250 720 345 786 liceat
368 723 454 784 intra
478 721 536 784 hos
552 720 707 784 terminos
726 719 797 800 (¹⁴)
813 718 992 782 aedificium
1007 724 1179 796 exstruere,
1196 738 1333 795 manere,

155 824 224 908 (¹⁵)
249 827 418 910 negotiari,
442 823 588 890 arborem
612 845 727 907 ponere
751 827 777 902 (¹
791 827 820 905 6)
844 822 971 887 aliudve
988 823 1064 907 quid
1079 845 1191 900 serere,
1216 823 1286 907 (¹⁷)
1304 828 1337 887 et

155 937 191 994 ut
214 936 353 1014 praetor,
384 931 434 994 oui
463 930 542 994 haec
564 930 654 1016 regio
678 926 747 1013 (¹⁸)
771 929 849 992 sorti
874 928 1048 1004 obvenerit,
1072 949 1196 992 sacrum
1220 928 1333 993 faciat³

156 1037 184 1113 (¹
195 1040 226 1117 9)
250 1036 371 1100 aliusve
387 1037 458 1120 quis
474 1036 684 1122 magistratus
702 1034 773 1117 (²⁰)
787 1033 1016 1098 Vulcanalibus
1030 1033 1070 1097 X.
1087 1033 1119 1096 k.
1132 1032 1335 1118 Septembres

155 1142 226 1224 (²¹)
252 1141 399 1206 omnibus
423 1141 517 1205 anuis
541 1140 642 1204 vitulo
666 1137 761 1203 robeo
785 1140 855 1220 (Η)
880 1145 912 1202 et
934 1140 1040 1202 verre⁴
1065 1188 1071 1202 .
1091 1189 1097 1203 .
1117 1162 1140 1203 r.
1158 1161 1202 1202 ac.
1226 1159 1334 1222 preca·

154 1246 296 1310 tionibus
312 1249 382 1330 (²³)
399 1245 653 1330 infrascriptam
670 1245 739 1310 aedi
757 1293 807 1308 ...
827 1245 854 1306 k.
870 1244 955 1327 Sept.
974 1247 1042 1320 (Ἡ)
1058 1244 1157 1307 ianist
1169 1291 1332 1308 .........

157 1351 224 1435 (²⁵)
250 1400 308 1415 ...
333 1351 402 1414 dari
426 1401 433 1415 .
454 1404 459 1415 .
479 1401 511 1416 ..
538 1372 685 1435 quaes..
706 1352 775 1431 (2⁶)
799 1350 882 1434 quod
907 1351 981 1433 imp.
1000 1348 1115 1413 Caesar
1131 1349 1334 1412 Domitianus

155 1458 222 1537 (Ἡ)
242 1456 324 1540 Aug.
340 1455 549 1520 Germanicus
564 1461 652 1538 pont.
671 1478 753 1521 max.
773 1455 843 1538 (²⁸)
860 1455 1027 1519 constituit
1043 1477 1105 1538 q..
1121 1504 1127 1517 .
1143 1505 1149 1517 .
1168 1450 1237 1538 (²⁹)
1255 1453 1334 1518 lieri.

510 1632 562 1694 95.
599 1629 677 1694 Lex
701 1631 780 1693 rivi
807 1630 979 1693 incerta.

227 1772 253 1824 (Γ.
274 1772 297 1825 Ι.
318 1771 351 1824 L.
371 1773 464 1827 12.301
481 1788 508 1822 rr.
526 1771 605 1821 2426.
643 1768 672 1820 E
687 1769 778 1836 lepide
802 1769 831 1821 im
849 1767 950 1821 Scooic
965 1785 1049 1836 prope
1067 1769 1195 1837 omeliam
1213 1768 1336 1822 Eclrellea

155 1860 191 1912 ced
202 1859 305 1927 ,derasen
325 1858 417 1926 Geyer
435 1875 459 1910 c.
480 1860 548 1909 1787
569 1862 679 1924 reperto.
715 1855 803 1908 Wilm.
822 1859 903 1910 2730.
939 1855 996 1908 Mo.
1015 1856 1126 1910 Hermes
1142 1860 1229 1922 4283.

242 1982 307 2047 Lex
330 1982 390 2046 rivi
414 1982 470 2048 Ul.
490 2031 496 2043 .
516 2031 544 2046 ..
570 1981 617 2065 (²)
642 1979 763 2064 Siquis
786 1981 818 2042 in
843 2002 879 2043 eo
902 1980 1097 2064 m(⁸)ixserit
1121 1982 1335 2065 spurciti(am)

156 2088 200 2167 (⁴)
225 2085 378 2163 fecerim,
412 2087 445 2148 in
470 2086 652 2169 tem(plum)
683 2087 730 2168 (⁵)
757 2085 840 2150 lovis
864 2085 1078 2168 d(omestici?)
1104 2085 1158 2148 Χθ
1183 2086 1194 2149 Ι
1220 2088 1332 2171 d(ato).

156 2191 393 2275 De(⁶)l(atoris)
418 2213 491 2274 pars
514 2190 675 2274 dim(idia)
701 2188 797 2255 esto⁷.
845 2191 894 2275 (⁷)
919 2191 995 2255 Nesi
1020 2191 1052 2254 L.
1079 2191 1113 2258 P.
1139 2191 1206 2257 V.⁸.

157 2369 205 2433 96.
240 2368 300 2431 Ex
329 2367 507 2451 legibus
543 2366 732 2431 incertis
762 2366 1181 2450 deaquaeductibus
1217 2367 1335 2431 urbis

663 2470 825 2534 lionrue.

242 2612 419 2681 (hortinas
447 2611 482 2667 dc
509 2613 595 2681 cquis
622 2612 704 2668 artis
731 2611 845 2669 Rornae
874 2630 897 2666 e.
921 2613 977 2667 94:
1008 2610 1079 2666 dum
1112 2610 1203 2669 altius
1233 2613 1335 2684 repeto

157 2707 232 2784 leges
263 2707 299 2765 de
320 2704 445 2782 siugulis
472 2707 559 2779 aquis
581 2704 690 2773 latm',
721 2704 867 2779 quaedam
892 2705 970 2780 apud
994 2708 1106 2764 veteres
1127 2705 1215 2764 aliter·
1236 2706 1335 2764 obser·

159 2808 224 2862 vata
245 2802 353 2871 iuveni,
375 2801 455 2877 apud
475 2819 552 2876 quos
572 2804 693 2859 cautum
716 2801 758 2858 ita
779 2799 865 2879 fuitr)

239 2898 291 2964 Ne
315 2899 386 2984 quis
409 2898 553 2983 privatus
577 2899 673 2963 aliam
697 2899 847 2983 aquam¹⁰
872 2899 967 2962 ducat
990 2922 1086 2983 quam
1110 2921 1190 2982 quae
1206 2921 1244 2963 ex
1263 2900 1334 2962 lacu

242 3007 374 3069 humum
399 3003 548 3068 accidit¹¹.

157 3112 236 3184 (haec
259 3110 337 3168 enim
360 3111 431 3166 aunt
452 3108 540 3166 verbs
561 3106 644 3184 legis.
676 3143 708 3149 —
736 3128 759 3168 e.
784 3112 840 3167 97.-
873 3107 902 3165 in
925 3107 1026 3166 iisdem
1050 3109 1165 3184 legibus
1187 3108 1333 3167 adiectum

156 3208 198 3265 est
217 3204 290 3280 ita)

225 3358 249 3420 l)
269 3353 377 3407 Scilicet
392 3369 452 3405 cerm
469 3358 544 3404 serto
562 3351 606 3404 die
624 3351 753 3407 incendio.
773 3352 845 3418 quod
862 3352 960 3405 (recidit
979 3369 1005 3405 u.
1024 3356 1066 3418 64,
1085 3354 1147 3413 (inea
1154 3353 1250 3420 factus
1261 3360 1333 3418 esset,

155 3458 213 3495 rieux
230 3441 318 3496 denuo
335 3441 424 3508 erupit
443 3445 506 3492 teste
523 3439 615 3493 Tacito
628 3456 691 3492 urin.
705 3443 788 3503 1530.
810 3467 843 3477 -
863 3439 890 3500 2)
909 3443 937 3492 et
956 3441 1009 3492 hac
1026 3456 1065 3493 cc.
1081 3440 1104 3492 Ι.
1125 3470 1157 3478 -
1177 3439 1204 3506 3)
1224 3455 1334 3494 sacrum

155 3528 241 3583 faciat
259 3544 299 3582 ec.
314 3527 355 3590 11,
375 3527 526 3580 litaturum
545 3543 573 3580 se
593 3527 664 3579 sciat
682 3544 722 3577 ea.
737 3526 760 3577 1.
780 3555 812 3564 -
831 3530 859 3593 l)
880 3527 934 3579 Hie
952 3528 1013 3589 finit
1032 3527 1117 3591 ec.1;
1136 3544 1204 3594 quae
1221 3543 1334 3595 remeun-

156 3622 198 3667 (ην
215 3618 244 3668 in
262 3631 302 3668 aa.
323 3613 369 3678 11,
389 3613 558 3667 lacerarunt
576 3620 717 3682 etpcrum
737 3615 799 3667 berre
817 3615 894 3668 lectu.
923 3646 953 3653 —
980 3616 1008 3680 5)
1030 3614 1071 3682 Os.
1090 3614 1141 3667 No.
1161 3617 1197 3666 88
1217 3621 1241 3668 et
1261 3615 1334 3674 infra

155 3719 211 3771 cup.
232 3701 396 3769 xtaaequ.
425 3732 448 3739 -
471 3702 497 3770 6)
516 3703 534 3756 i.
551 3719 570 3754 e.
590 3701 747 3755 denarium.
768 3732 799 3740 -
820 3702 847 3768 7)
866 3702 1019 3756 Praemium
1038 3702 1182 3755 delationis
1200 3704 1229 3754 iu
1248 3703 1336 3755 titulis

154 3789 345 3858 sepulcraliter
354 3791 462 3856 accepim
470 3789 583 3843 redditur
589 3809 598 3855 ,·
617 3790 651 3855 cf.
662 3790 737 3853 infru
753 3807 809 3856 cop.
824 3789 928 3856 xre&
947 3790 1035 3843 ll'ilm.
1046 3794 1113 3844 298:
1131 3791 1179 3859 qui
1190 3789 1333 3852 detulerit,

155 3878 278 3947 accipere
297 3875 411 3930 debebit
431 3880 578 3941 summae)
597 3894 619 3930 s.
638 3894 659 3930 s.
677 3883 809 3945 quartam
840 3877 868 3932 0.
889 3878 912 3930 Ι.
933 3877 967 3931 L.
986 3882 1063 3942 3125
1082 3896 1108 3930 a.
1128 3881 1194 3930 684:
1213 3876 1335 3932 delatori

155 3965 246 4019 denec
267 3982 292 4018 n.
318 3991 352 4002 -
369 3962 399 4031 8)
420 3963 508 4017 Notce
525 3965 593 4032 quid
610 3964 768 4032 sipaiticem,
788 3982 841 4019 acri
860 3967 950 4034 liquet.
971 3995 1002 4004 -
1023 3967 1050 4032 9)
1070 3965 1151 4034 aquis
1170 3966 1244 4018 latas
1265 3965 1335 4018 Bue-

155 4054 245 4120 clreler,
264 4051 313 4122 qui
332 4051 395 4105 lata
414 4051 471 4105 cod.
498 4080 528 4088 -
552 4053 594 4116 10)
614 4056 727 4120 aquam]
751 4053 904 4115 Buecheler,
924 4068 974 4105 orn.
994 4052 1049 4105 cod.
1072 4082 1100 4090 -
1124 4052 1166 4120 ll)
1187 4052 1336 4105 Postem'ore

155 4146 320 4207 temporarie
340 4138 388 4191 lice
405 4139 510 4206 quidem
529 4138 633 4191 licebat.
672 4138 706 4190 Ic
726 4141 812 4206 cupite
823 4138 1020 4204 sacerdotiorum,
1041 4138 1112 4205 quod
1122 4139 1237 4190 servavit
1248 4137 1335 4191 From·

155 4228 225 4280 tium
243 4244 264 4280 c.
279 4231 333 4292 111,
351 4227 390 4279 aie
407 4232 461 4279 eat:
481 4225 616 4279 caducam
639 4226 779 4278 neminem
799 4225 862 4279 volo
880 4224 980 4278 ducere
997 4224 1051 4276 nisi
1071 4224 1118 4291 qui
1132 4240 1193 4278 meo
1207 4226 1257 4285 (sie
1269 4225 1334 4288 eod,

155 4330 204 4367 non
222 4315 330 4380 nostro)
352 4312 482 4368 beneficio
501 4315 552 4366 aut
570 4315 695 4383 priorum
715 4312 872 4381 principum
892 4312 1007 4366 habeut.
1046 4312 1088 4374 Os.
1107 4329 1192 4379 supra
1210 4312 1259 4378 lep.
1285 4311 1332 4365 Ur·

155 4418 211 4456 soa.
230 4419 251 4455 e.
272 4405 332 4454 100.
