<?xml version="1.0" encoding="UTF-8"?>
<!DOCTYPE html PUBLIC "-//W3C//DTD XHTML 1.0 Transitional//EN"
    "http://www.w3.org/TR/xhtml1/DTD/xhtml1-transitional.dtd">
<html xmlns="http://www.w3.org/1999/xhtml" xml:lang="en" lang="en">
 <head>
  <title>
</title>
<meta http-equiv="Content-Type" content="text/html;charset=utf-8" />
  <meta name='ocr-system' content='tesseract 3.04.00' />
  <meta name='ocr-capabilities' content='ocr_page ocr_carea ocr_par ocr_line ocrx_word'/>
</head>
<body>
  <div class='ocr_page' id='page_1' title='image "./fontesiurisroma03brungoog_0247.png"; bbox 0 0 2992 5040; ppageno 0'>
   <div class='ocr_carea' id='block_1_1' title="bbox 483 322 1248 392">
    <p class='ocr_par' dir='ltr' id='par_1_1' title="bbox 483 322 1248 392">
     <span class='ocr_line' id='line_1_1' title="bbox 483 322 1248 392; baseline 0.013 -16"><span class='ocrx_word' id='word_1_1' title='bbox 483 322 604 377; x_wconf 58' lang='lat' dir='ltr'>noima</span> <span class='ocrx_word' id='word_1_2' title='bbox 623 326 793 392; x_wconf 82' lang='lat' dir='ltr'>praetorum.</span> <span class='ocrx_word' id='word_1_3' title='bbox 1184 324 1248 388; x_wconf 84' lang='grc'>207</span> 
     </span>
    </p>
   </div>
   <div class='ocr_carea' id='block_1_2' title="bbox 79 499 1358 3726">
    <p class='ocr_par' dir='ltr' id='par_1_2' title="bbox 87 499 1251 792">
     <span class='ocr_line' id='line_1_2' title="bbox 157 499 1250 584; baseline -0.004 -18"><span class='ocrx_word' id='word_1_4' title='bbox 157 501 184 565; x_wconf 87' lang='grc'>6.</span> <span class='ocrx_word' id='word_1_5' title='bbox 219 502 335 566; x_wconf 81' lang='lat' dir='ltr'>Alieno</span> <span class='ocrx_word' id='word_1_6' title='bbox 366 501 510 576; x_wconf 81' lang='lat' dir='ltr'>nomine,</span> <span class='ocrx_word' id='word_1_7' title='bbox 544 501 621 564; x_wconf 79' lang='lat' dir='ltr'>item</span> <span class='ocrx_word' id='word_1_8' title='bbox 650 521 705 583; x_wconf 80' lang='lat' dir='ltr'>per</span> <span class='ocrx_word' id='word_1_9' title='bbox 727 499 807 564; x_wconf 82' lang='lat' dir='ltr'>ulios</span> <span class='ocrx_word' id='word_1_10' title='bbox 832 500 947 584; x_wconf 82' lang='lat' dir='ltr'>agendi</span> <span class='ocrx_word' id='word_1_11' title='bbox 971 503 1162 582; x_wconf 84' lang='lat' dir='ltr'>potestatem</span> <span class='ocrx_word' id='word_1_12' title='bbox 1185 520 1250 562; x_wconf 92' lang='lat' dir='ltr'>non</span> 
     </span>
     <span class='ocr_line' id='line_1_3' title="bbox 89 604 1251 690; baseline 0.001 -24"><span class='ocrx_word' id='word_1_13' title='bbox 89 605 180 671; x_wconf 76' lang='lat' dir='ltr'>facium</span> <span class='ocrx_word' id='word_1_14' title='bbox 204 607 238 671; x_wconf 93' lang='lat' dir='ltr'>in</span> <span class='ocrx_word' id='word_1_15' title='bbox 261 605 312 670; x_wconf 86' lang='lat' dir='ltr'>his</span> <span class='ocrx_word' id='word_1_16' title='bbox 336 608 450 684; x_wconf 81' lang='lat' dir='ltr'>causis,</span> <span class='ocrx_word' id='word_1_17' title='bbox 474 606 641 689; x_wconf 80' lang='lat' dir='ltr'>inquibus</span> <span class='ocrx_word' id='word_1_18' title='bbox 664 628 703 669; x_wconf 89' lang='lat' dir='ltr'>ue</span> <span class='ocrx_word' id='word_1_19' title='bbox 727 605 803 669; x_wconf 91' lang='lat' dir='ltr'>dent</span> <span class='ocrx_word' id='word_1_20' title='bbox 825 606 1023 690; x_wconf 81' lang='lat' dir='ltr'>cognitorem</span> <span class='ocrx_word' id='word_1_21' title='bbox 1040 626 1119 668; x_wconf 89' lang='lat' dir='ltr'>neve</span> <span class='ocrx_word' id='word_1_22' title='bbox 1134 604 1251 669; x_wconf 84' lang='lat' dir='ltr'>dentur</span> 
     </span>
     <span class='ocr_line' id='line_1_4' title="bbox 87 707 497 792; baseline 0.002 -22"><span class='ocrx_word' id='word_1_23' title='bbox 87 707 204 774; x_wconf 85' lang='lat' dir='ltr'>edictum</span> <span class='ocrx_word' id='word_1_24' title='bbox 228 708 497 792; x_wconf 84' lang='lat' dir='ltr'>comprehendit&#39;.</span> 
     </span>
    </p>

    <p class='ocr_par' dir='ltr' id='par_1_3' title="bbox 82 813 1252 1194">
     <span class='ocr_line' id='line_1_5' title="bbox 157 813 1250 899; baseline 0 -23"><span class='ocrx_word' id='word_1_25' title='bbox 157 815 183 877; x_wconf 82' lang='lat'>7.</span> <span class='ocrx_word' id='word_1_26' title='bbox 216 814 314 879; x_wconf 81' lang='lat' dir='ltr'>Cuius</span> <span class='ocrx_word' id='word_1_27' title='bbox 338 813 467 878; x_wconf 89' lang='lat' dir='ltr'>nomine</span> <span class='ocrx_word' id='word_1_28' title='bbox 499 815 571 899; x_wconf 89' lang='lat' dir='ltr'>quis</span> <span class='ocrx_word' id='word_1_29' title='bbox 594 814 750 878; x_wconf 77' lang='lat' dir='ltr'>actionem</span> <span class='ocrx_word' id='word_1_30' title='bbox 768 815 836 877; x_wconf 82' lang='lat' dir='ltr'>duri</span> <span class='ocrx_word' id='word_1_31' title='bbox 853 815 914 877; x_wconf 84' lang='lat' dir='ltr'>sibi</span> <span class='ocrx_word' id='word_1_32' title='bbox 931 813 1120 897; x_wconf 79' lang='lat' dir='ltr'>postulabit,</span> <span class='ocrx_word' id='word_1_33' title='bbox 1136 814 1163 876; x_wconf 86' lang='lat' dir='ltr'>is</span> <span class='ocrx_word' id='word_1_34' title='bbox 1179 835 1250 876; x_wconf 86' lang='lat' dir='ltr'>eum</span> 
     </span>
     <span class='ocr_line' id='line_1_6' title="bbox 86 919 1252 1004; baseline 0.003 -26"><span class='ocrx_word' id='word_1_35' title='bbox 86 920 132 982; x_wconf 73' lang='lat' dir='ltr'>viri</span> <span class='ocrx_word' id='word_1_36' title='bbox 160 920 234 984; x_wconf 88' lang='lat' dir='ltr'>boni</span> <span class='ocrx_word' id='word_1_37' title='bbox 266 919 424 1004; x_wconf 76' lang='lat' dir='ltr'>arbitratu</span> <span class='ocrx_word' id='word_1_38' title='bbox 456 919 626 984; x_wconf 84' lang='lat' dir='ltr'>defendat:</span> <span class='ocrx_word' id='word_1_39' title='bbox 664 923 696 983; x_wconf 85' lang='lat' dir='ltr'>et</span> <span class='ocrx_word' id='word_1_40' title='bbox 726 920 754 983; x_wconf 85' lang='lat' dir='ltr'>ei</span> <span class='ocrx_word' id='word_1_41' title='bbox 786 939 916 999; x_wconf 76' lang='lat' dir='ltr'>quocum</span> <span class='ocrx_word' id='word_1_42' title='bbox 939 923 1007 1000; x_wconf 67' lang='lat' dir='ltr'>apd</span> <span class='ocrx_word' id='word_1_43' title='bbox 1038 939 1101 1002; x_wconf 88' lang='lat' dir='ltr'>quo</span> <span class='ocrx_word' id='word_1_44' title='bbox 1125 919 1252 982; x_wconf 85' lang='lat' dir='ltr'>nomine</span> 
     </span>
     <span class='ocr_line' id='line_1_7' title="bbox 84 1022 1251 1108; baseline 0.001 -23"><span class='ocrx_word' id='word_1_45' title='bbox 84 1029 145 1107; x_wconf 80' lang='lat' dir='ltr'>aget</span> <span class='ocrx_word' id='word_1_46' title='bbox 165 1023 196 1089; x_wconf 88' lang='lat' dir='ltr'>id</span> <span class='ocrx_word' id='word_1_47' title='bbox 220 1029 328 1089; x_wconf 81' lang='lat' dir='ltr'>rutum</span> <span class='ocrx_word' id='word_1_48' title='bbox 351 1023 470 1089; x_wconf 84' lang='lat' dir='ltr'>habere</span> <span class='ocrx_word' id='word_1_49' title='bbox 494 1046 576 1100; x_wconf 80' lang='lat' dir='ltr'>eum,</span> <span class='ocrx_word' id='word_1_50' title='bbox 601 1025 641 1088; x_wconf 85' lang='lat' dir='ltr'>ad</span> <span class='ocrx_word' id='word_1_51' title='bbox 664 1047 758 1108; x_wconf 87' lang='lat' dir='ltr'>quem</span> <span class='ocrx_word' id='word_1_52' title='bbox 782 1046 819 1088; x_wconf 82' lang='lat' dir='ltr'>ea</span> <span class='ocrx_word' id='word_1_53' title='bbox 843 1047 891 1088; x_wconf 83' lang='lat' dir='ltr'>res</span> <span class='ocrx_word' id='word_1_54' title='bbox 916 1024 1066 1107; x_wconf 77' lang='lat' dir='ltr'>pertinet,</span> <span class='ocrx_word' id='word_1_55' title='bbox 1090 1023 1167 1087; x_wconf 87' lang='lat' dir='ltr'>boni</span> <span class='ocrx_word' id='word_1_56' title='bbox 1190 1022 1251 1086; x_wconf 84' lang='lat' dir='ltr'>viri</span> 
     </span>
     <span class='ocr_line' id='line_1_8' title="bbox 82 1127 407 1194; baseline 0.009 -4"><span class='ocrx_word' id='word_1_57' title='bbox 82 1128 224 1194; x_wconf 78' lang='lat' dir='ltr'>arbitratu</span> <span class='ocrx_word' id='word_1_58' title='bbox 247 1127 407 1193; x_wconf 77' lang='lat' dir='ltr'>satisdet².</span> 
     </span>
    </p>

    <p class='ocr_par' dir='ltr' id='par_1_4' title="bbox 156 1219 848 1315">
     <span class='ocr_line' id='line_1_9' title="bbox 156 1219 848 1315; baseline -0.001 -17"><span class='ocrx_word' id='word_1_59' title='bbox 156 1235 184 1298; x_wconf 89' lang='lat'>8.</span> <span class='ocrx_word' id='word_1_60' title='bbox 223 1233 314 1312; x_wconf 78' lang='lat' dir='ltr'>Quod</span> <span class='ocrx_word' id='word_1_61' title='bbox 336 1219 491 1298; x_wconf 37' lang='lat' dir='ltr'>aduersus*</span> <span class='ocrx_word' id='word_1_62' title='bbox 508 1236 683 1315; x_wconf 68' lang='lat' dir='ltr'>mimicipes</span> <span class='ocrx_word' id='word_1_63' title='bbox 706 1234 848 1312; x_wconf 74' lang='lat' dir='ltr'>uputur³.</span> 
     </span>
    </p>

    <p class='ocr_par' dir='ltr' id='par_1_5' title="bbox 85 1337 1251 1526">
     <span class='ocr_line' id='line_1_10' title="bbox 156 1337 1251 1423; baseline -0.001 -22"><span class='ocrx_word' id='word_1_64' title='bbox 156 1340 184 1402; x_wconf 81' lang='grc'>9.</span> <span class='ocrx_word' id='word_1_65' title='bbox 222 1337 312 1412; x_wconf 81' lang='lat' dir='ltr'>Quod</span> <span class='ocrx_word' id='word_1_66' title='bbox 336 1340 563 1423; x_wconf 77' lang='lat' dir='ltr'>cuiuscumque</span> <span class='ocrx_word' id='word_1_67' title='bbox 586 1340 806 1403; x_wconf 84' lang='lat' dir='ltr'>universitatis</span> <span class='ocrx_word' id='word_1_68' title='bbox 830 1340 958 1403; x_wconf 89' lang='lat' dir='ltr'>nomine</span> <span class='ocrx_word' id='word_1_69' title='bbox 981 1339 1030 1402; x_wconf 81' lang='lat' dir='ltr'>vel</span> <span class='ocrx_word' id='word_1_70' title='bbox 1047 1342 1159 1403; x_wconf 82' lang='lat' dir='ltr'>eontra</span> <span class='ocrx_word' id='word_1_71' title='bbox 1182 1358 1251 1401; x_wconf 82' lang='lat' dir='ltr'>eom</span> 
     </span>
     <span class='ocr_line' id='line_1_11' title="bbox 85 1443 210 1526; baseline 0.04 -24"><span class='ocrx_word' id='word_1_72' title='bbox 85 1443 210 1526; x_wconf 70' lang='lat' dir='ltr'>agutnr‘.</span> 
     </span>
    </p>

    <p class='ocr_par' dir='ltr' id='par_1_6' title="bbox 87 1535 1251 1738">
     <span class='ocr_line' id='line_1_12' title="bbox 127 1535 1251 1633; baseline -0.003 -22"><span class='ocrx_word' id='word_1_73' title='bbox 127 1535 130 1540; x_wconf 34' lang='lat'><strong>¹</strong></span> <span class='ocrx_word' id='word_1_74' title='bbox 159 1547 208 1614; x_wconf 86' lang='lat'>10.</span> <span class='ocrx_word' id='word_1_75' title='bbox 246 1547 279 1613; x_wconf 87' lang='lat' dir='ltr'>Si</span> <span class='ocrx_word' id='word_1_76' title='bbox 305 1550 377 1633; x_wconf 91' lang='lat' dir='ltr'>quis</span> <span class='ocrx_word' id='word_1_77' title='bbox 400 1551 531 1633; x_wconf 78' lang='lat' dir='ltr'>negotia</span> <span class='ocrx_word' id='word_1_78' title='bbox 554 1549 686 1614; x_wconf 84' lang='lat' dir='ltr'>ulterius</span> <span class='ocrx_word' id='word_1_79' title='bbox 709 1549 776 1612; x_wconf 85' lang='lat' dir='ltr'>sive</span> <span class='ocrx_word' id='word_1_80' title='bbox 801 1549 872 1632; x_wconf 88' lang='lat' dir='ltr'>quis</span> <span class='ocrx_word' id='word_1_81' title='bbox 889 1547 1028 1633; x_wconf 74' lang='lat' dir='ltr'>negotia,</span> <span class='ocrx_word' id='word_1_82' title='bbox 1050 1568 1130 1629; x_wconf 82' lang='lat' dir='ltr'>quae</span> <span class='ocrx_word' id='word_1_83' title='bbox 1145 1545 1251 1609; x_wconf 82' lang='lat' dir='ltr'>cuius·</span> 
     </span>
     <span class='ocr_line' id='line_1_13' title="bbox 87 1649 1251 1738; baseline -0.001 -24"><span class='ocrx_word' id='word_1_84' title='bbox 87 1673 138 1733; x_wconf 83' lang='lat' dir='ltr'>que</span> <span class='ocrx_word' id='word_1_85' title='bbox 159 1675 226 1717; x_wconf 88' lang='lat' dir='ltr'>cum</span> <span class='ocrx_word' id='word_1_86' title='bbox 251 1655 279 1717; x_wconf 89' lang='lat' dir='ltr'>is</span> <span class='ocrx_word' id='word_1_87' title='bbox 297 1654 435 1718; x_wconf 90' lang='lat' dir='ltr'>moritur</span> <span class='ocrx_word' id='word_1_88' title='bbox 450 1653 583 1731; x_wconf 84' lang='lat' dir='ltr'>fuerint,</span> <span class='ocrx_word' id='word_1_89' title='bbox 607 1654 751 1738; x_wconf 74' lang='lat' dir='ltr'>gessent</span> <span class='ocrx_word' id='word_1_90' title='bbox 776 1653 927 1718; x_wconf 83' lang='lat' dir='ltr'>iudicium</span> <span class='ocrx_word' id='word_1_91' title='bbox 945 1674 982 1716; x_wconf 90' lang='lat' dir='ltr'>eo</span> <span class='ocrx_word' id='word_1_92' title='bbox 998 1650 1126 1714; x_wconf 86' lang='lat' dir='ltr'>nomine</span> <span class='ocrx_word' id='word_1_93' title='bbox 1141 1649 1251 1714; x_wconf 77' lang='lat' dir='ltr'>dabo⁶.</span> 
     </span>
    </p>

    <p class='ocr_par' dir='ltr' id='par_1_7' title="bbox 87 1753 1339 2155">
     <span class='ocr_line' id='line_1_14' title="bbox 158 1753 1339 1840; baseline 0 -21"><span class='ocrx_word' id='word_1_94' title='bbox 158 1755 244 1822; x_wconf 84' lang='lat' dir='ltr'>VIIL</span> <span class='ocrx_word' id='word_1_95' title='bbox 281 1756 339 1820; x_wconf 85' lang='lat' dir='ltr'>De</span> <span class='ocrx_word' id='word_1_96' title='bbox 360 1757 744 1822; x_wconf 82' lang='lat' dir='ltr'>calumniatoribus.</span> <span class='ocrx_word' id='word_1_97' title='bbox 794 1757 829 1820; x_wconf 87' lang='lat' dir='ltr'>In</span> <span class='ocrx_word' id='word_1_98' title='bbox 848 1780 920 1821; x_wconf 90' lang='lat' dir='ltr'>eum</span> <span class='ocrx_word' id='word_1_99' title='bbox 938 1756 1002 1840; x_wconf 82' lang='lat' dir='ltr'>qui,</span> <span class='ocrx_word' id='word_1_100' title='bbox 1019 1761 1056 1819; x_wconf 89' lang='lat' dir='ltr'>ut</span> <span class='ocrx_word' id='word_1_101' title='bbox 1071 1755 1248 1819; x_wconf 78' lang='lat' dir='ltr'>calumniae</span> <span class='ocrx_word' id='word_1_102' title='bbox 1272 1753 1294 1831; x_wconf 64' lang='grc' dir='ltr'>ἕξ</span> <span class='ocrx_word' id='word_1_103' title='bbox 1311 1756 1339 1832; x_wconf 69' lang='lat'>{33</span> 
     </span>
     <span class='ocr_line' id='line_1_15' title="bbox 88 1859 1250 1946; baseline 0.001 -25"><span class='ocrx_word' id='word_1_104' title='bbox 88 1880 164 1924; x_wconf 79' lang='lat' dir='ltr'>causa</span> <span class='ocrx_word' id='word_1_105' title='bbox 185 1863 352 1946; x_wconf 84' lang='lat' dir='ltr'>negotium</span> <span class='ocrx_word' id='word_1_106' title='bbox 376 1863 495 1929; x_wconf 83' lang='lat' dir='ltr'>fuceret</span> <span class='ocrx_word' id='word_1_107' title='bbox 520 1864 568 1927; x_wconf 88' lang='lat' dir='ltr'>vel</span> <span class='ocrx_word' id='word_1_108' title='bbox 593 1885 656 1926; x_wconf 89' lang='lat' dir='ltr'>non</span> <span class='ocrx_word' id='word_1_109' title='bbox 683 1861 813 1938; x_wconf 77' lang='lat' dir='ltr'>fuceret,</span> <span class='ocrx_word' id='word_1_110' title='bbox 839 1863 1003 1945; x_wconf 78' lang='lat' dir='ltr'>pecuniam</span> <span class='ocrx_word' id='word_1_111' title='bbox 1029 1861 1185 1942; x_wconf 82' lang='lat' dir='ltr'>accepisse</span> <span class='ocrx_word' id='word_1_112' title='bbox 1201 1859 1250 1922; x_wconf 90' lang='lat' dir='ltr'>di-</span> 
     </span>
     <span class='ocr_line' id='line_1_16' title="bbox 87 1966 1251 2052; baseline 0.001 -26"><span class='ocrx_word' id='word_1_113' title='bbox 87 1968 167 2043; x_wconf 74' lang='lat' dir='ltr'>cetur,</span> <span class='ocrx_word' id='word_1_114' title='bbox 198 1968 285 2031; x_wconf 83' lang='lat' dir='ltr'>intra</span> <span class='ocrx_word' id='word_1_115' title='bbox 308 1990 426 2032; x_wconf 79' lang='lat' dir='ltr'>annum</span> <span class='ocrx_word' id='word_1_116' title='bbox 459 1969 491 2032; x_wconf 91' lang='lat' dir='ltr'>in</span> <span class='ocrx_word' id='word_1_117' title='bbox 517 1966 731 2052; x_wconf 75' lang='lat' dir='ltr'>quadruplum</span> <span class='ocrx_word' id='word_1_118' title='bbox 762 1968 829 2030; x_wconf 87' lang='lat' dir='ltr'>eius</span> <span class='ocrx_word' id='word_1_119' title='bbox 861 1967 1010 2049; x_wconf 85' lang='lat' dir='ltr'>pecuniae</span> <span class='ocrx_word' id='word_1_120' title='bbox 1042 1987 1137 2049; x_wconf 81' lang='lat' dir='ltr'>quoin</span> <span class='ocrx_word' id='word_1_121' title='bbox 1164 1987 1251 2028; x_wconf 79' lang='lat' dir='ltr'>aoce-</span> 
     </span>
     <span class='ocr_line' id='line_1_17' title="bbox 89 2069 996 2155; baseline 0.003 -24"><span class='ocrx_word' id='word_1_122' title='bbox 89 2069 156 2149; x_wconf 74' lang='lat' dir='ltr'>pisue</span> <span class='ocrx_word' id='word_1_123' title='bbox 176 2070 309 2149; x_wconf 75' lang='lat' dir='ltr'>dicetur,</span> <span class='ocrx_word' id='word_1_124' title='bbox 331 2077 404 2154; x_wconf 85' lang='lat' dir='ltr'>post</span> <span class='ocrx_word' id='word_1_125' title='bbox 427 2095 546 2135; x_wconf 82' lang='lat' dir='ltr'>annum</span> <span class='ocrx_word' id='word_1_126' title='bbox 570 2071 676 2155; x_wconf 87' lang='lat' dir='ltr'>simpli</span> <span class='ocrx_word' id='word_1_127' title='bbox 700 2073 869 2150; x_wconf 68' lang='lat' dir='ltr'>(iudicium</span> <span class='ocrx_word' id='word_1_128' title='bbox 892 2071 996 2152; x_wconf 80' lang='lat' dir='ltr'>doto).</span> 
     </span>
    </p>

    <p class='ocr_par' dir='ltr' id='par_1_8' title="bbox 89 2173 1358 2371">
     <span class='ocr_line' id='line_1_18' title="bbox 157 2173 1358 2260; baseline -0.001 -22"><span class='ocrx_word' id='word_1_129' title='bbox 157 2173 211 2239; x_wconf 80' lang='lat' dir='ltr'>lx.</span> <span class='ocrx_word' id='word_1_130' title='bbox 251 2176 307 2240; x_wconf 89' lang='lat' dir='ltr'>De</span> <span class='ocrx_word' id='word_1_131' title='bbox 338 2178 379 2239; x_wconf 91' lang='lat' dir='ltr'>in</span> <span class='ocrx_word' id='word_1_132' title='bbox 411 2176 622 2260; x_wconf 84' lang='lat' dir='ltr'>integrum</span> <span class='ocrx_word' id='word_1_133' title='bbox 657 2174 1043 2241; x_wconf 82' lang='lat' dir='ltr'>restitutionibus⁷.</span> <span class='ocrx_word' id='word_1_134' title='bbox 1093 2178 1119 2238; x_wconf 94' lang='lat' dir='ltr'>l.</span> <span class='ocrx_word' id='word_1_135' title='bbox 1156 2175 1358 2252; x_wconf 52' lang='lat' dir='ltr'>Quoddjtfflf</span> 
     </span>
     <span class='ocr_line' id='line_1_19' title="bbox 89 2280 923 2371; baseline 0.005 -30"><span class='ocrx_word' id='word_1_136' title='bbox 89 2286 172 2344; x_wconf 78' lang='lat' dir='ltr'>nutus</span> <span class='ocrx_word' id='word_1_137' title='bbox 193 2302 290 2344; x_wconf 76' lang='lat' dir='ltr'>eausa</span> <span class='ocrx_word' id='word_1_138' title='bbox 312 2286 438 2365; x_wconf 82' lang='lat' dir='ltr'>gestum</span> <span class='ocrx_word' id='word_1_139' title='bbox 462 2282 532 2359; x_wconf 73' lang='lat' dir='ltr'>erit,</span> <span class='ocrx_word' id='word_1_140' title='bbox 557 2288 661 2346; x_wconf 83' lang='lat' dir='ltr'>ratum</span> <span class='ocrx_word' id='word_1_141' title='bbox 684 2305 748 2371; x_wconf 92' lang='lat' dir='ltr'>non</span> <span class='ocrx_word' id='word_1_142' title='bbox 773 2280 923 2346; x_wconf 83' lang='lat' dir='ltr'>habebo⁸.</span> 
     </span>
    </p>

    <p class='ocr_par' dir='ltr' id='par_1_9' title="bbox 86 2382 1252 2659">
     <span class='ocr_line' id='line_1_20' title="bbox 159 2382 1252 2461; baseline -0.003 -12"><span class='ocrx_word' id='word_1_143' title='bbox 159 2387 189 2451; x_wconf 85' lang='lat'>2.</span> <span class='ocrx_word' id='word_1_144' title='bbox 227 2388 316 2461; x_wconf 80' lang='lat' dir='ltr'>Quae</span> <span class='ocrx_word' id='word_1_145' title='bbox 346 2386 419 2450; x_wconf 91' lang='lat' dir='ltr'>dolo</span> <span class='ocrx_word' id='word_1_146' title='bbox 451 2387 537 2450; x_wconf 83' lang='lat' dir='ltr'>mulo</span> <span class='ocrx_word' id='word_1_147' title='bbox 565 2385 651 2449; x_wconf 84' lang='lat' dir='ltr'>faeta</span> <span class='ocrx_word' id='word_1_148' title='bbox 683 2407 750 2449; x_wconf 82' lang='lat' dir='ltr'>esse</span> <span class='ocrx_word' id='word_1_149' title='bbox 782 2387 941 2460; x_wconf 82' lang='lat' dir='ltr'>dicentur,</span> <span class='ocrx_word' id='word_1_150' title='bbox 974 2386 1001 2448; x_wconf 91' lang='lat' dir='ltr'>si</span> <span class='ocrx_word' id='word_1_151' title='bbox 1024 2385 1062 2449; x_wconf 85' lang='lat' dir='ltr'>de</span> <span class='ocrx_word' id='word_1_152' title='bbox 1085 2384 1135 2447; x_wconf 89' lang='lat' dir='ltr'>his</span> <span class='ocrx_word' id='word_1_153' title='bbox 1160 2382 1252 2447; x_wconf 82' lang='lat' dir='ltr'>rebus</span> 
     </span>
     <span class='ocr_line' id='line_1_21' title="bbox 88 2487 1251 2567; baseline 0.001 -18"><span class='ocrx_word' id='word_1_154' title='bbox 88 2487 136 2551; x_wconf 83' lang='lat' dir='ltr'>dia</span> <span class='ocrx_word' id='word_1_155' title='bbox 157 2490 241 2555; x_wconf 79' lang='lat' dir='ltr'>actio</span> <span class='ocrx_word' id='word_1_156' title='bbox 272 2513 336 2555; x_wconf 90' lang='lat' dir='ltr'>non</span> <span class='ocrx_word' id='word_1_157' title='bbox 360 2492 422 2554; x_wconf 86' lang='lat' dir='ltr'>erit</span> <span class='ocrx_word' id='word_1_158' title='bbox 445 2497 476 2554; x_wconf 81' lang='lat' dir='ltr'>et</span> <span class='ocrx_word' id='word_1_159' title='bbox 499 2493 584 2555; x_wconf 81' lang='lat' dir='ltr'>insta</span> <span class='ocrx_word' id='word_1_160' title='bbox 606 2513 702 2555; x_wconf 81' lang='lat' dir='ltr'>causa</span> <span class='ocrx_word' id='word_1_161' title='bbox 725 2513 792 2555; x_wconf 84' lang='lat' dir='ltr'>esse</span> <span class='ocrx_word' id='word_1_162' title='bbox 816 2488 990 2567; x_wconf 77' lang='lat' dir='ltr'>videbitur,</span> <span class='ocrx_word' id='word_1_163' title='bbox 1024 2492 1109 2552; x_wconf 78' lang='lat' dir='ltr'>intro</span> <span class='ocrx_word' id='word_1_164' title='bbox 1133 2510 1251 2552; x_wconf 68' lang='lat' dir='ltr'>nocitum</span> 
     </span>
     <span class='ocr_line' id='line_1_22' title="bbox 86 2591 358 2659; baseline 0.018 -6"><span class='ocrx_word' id='word_1_165' title='bbox 86 2591 221 2659; x_wconf 87' lang='lat' dir='ltr'>indicium</span> <span class='ocrx_word' id='word_1_166' title='bbox 247 2595 358 2658; x_wconf 77' lang='lat' dir='ltr'>dabo⁹.</span> 
     </span>
    </p>

    <p class='ocr_par' dir='ltr' id='par_1_10' title="bbox 83 2699 1252 2889">
     <span class='ocr_line' id='line_1_23' title="bbox 157 2699 1252 2789; baseline -0.005 -24"><span class='ocrx_word' id='word_1_167' title='bbox 157 2702 187 2765; x_wconf 90' lang='lat'>3.</span> <span class='ocrx_word' id='word_1_168' title='bbox 228 2699 319 2775; x_wconf 82' lang='lat' dir='ltr'>Quod</span> <span class='ocrx_word' id='word_1_169' title='bbox 355 2722 427 2765; x_wconf 89' lang='lat' dir='ltr'>cum</span> <span class='ocrx_word' id='word_1_170' title='bbox 459 2701 582 2764; x_wconf 85' lang='lat' dir='ltr'>minore</span> <span class='ocrx_word' id='word_1_171' title='bbox 610 2723 705 2784; x_wconf 85' lang='lat' dir='ltr'>quum</span> <span class='ocrx_word' id='word_1_172' title='bbox 736 2701 851 2789; x_wconf 78' lang='lat' dir='ltr'>viginti</span> <span class='ocrx_word' id='word_1_173' title='bbox 880 2700 1022 2784; x_wconf 88' lang='lat' dir='ltr'>quinque</span> <span class='ocrx_word' id='word_1_174' title='bbox 1053 2700 1145 2762; x_wconf 83' lang='lat' dir='ltr'>annis</span> <span class='ocrx_word' id='word_1_175' title='bbox 1176 2702 1252 2761; x_wconf 84' lang='lat' dir='ltr'>nutu</span> 
     </span>
     <span class='ocr_line' id='line_1_24' title="bbox 83 2803 1165 2889; baseline 0 -22"><span class='ocrx_word' id='word_1_176' title='bbox 83 2811 196 2882; x_wconf 73' lang='lat' dir='ltr'>gestum</span> <span class='ocrx_word' id='word_1_177' title='bbox 221 2827 289 2869; x_wconf 81' lang='lat' dir='ltr'>esse</span> <span class='ocrx_word' id='word_1_178' title='bbox 311 2805 444 2881; x_wconf 76' lang='lat' dir='ltr'>dicetur,</span> <span class='ocrx_word' id='word_1_179' title='bbox 469 2806 514 2868; x_wconf 87' lang='lat' dir='ltr'>uti</span> <span class='ocrx_word' id='word_1_180' title='bbox 539 2828 682 2889; x_wconf 84' lang='lat' dir='ltr'>quaeque</span> <span class='ocrx_word' id='word_1_181' title='bbox 705 2827 754 2869; x_wconf 86' lang='lat' dir='ltr'>res</span> <span class='ocrx_word' id='word_1_182' title='bbox 778 2805 849 2882; x_wconf 77' lang='lat' dir='ltr'>erit,</span> <span class='ocrx_word' id='word_1_183' title='bbox 869 2803 1165 2869; x_wconf 82' lang='lat' dir='ltr'>animadvertam¹⁰.</span> 
     </span>
    </p>

    <p class='ocr_par' dir='ltr' id='par_1_11' title="bbox 80 2910 1252 3204">
     <span class='ocr_line' id='line_1_25' title="bbox 158 2910 1252 2995; baseline -0.003 -21"><span class='ocrx_word' id='word_1_184' title='bbox 158 2914 189 2975; x_wconf 78' lang='lat'>4.</span> <span class='ocrx_word' id='word_1_185' title='bbox 224 2911 287 2986; x_wconf 86' lang='lat' dir='ltr'>Qui</span> <span class='ocrx_word' id='word_1_186' title='bbox 311 2932 439 2995; x_wconf 70' lang='lat' dir='ltr'>quaeve,</span> <span class='ocrx_word' id='word_1_187' title='bbox 469 2916 676 2995; x_wconf 83' lang='lat' dir='ltr'>posteaquam</span> <span class='ocrx_word' id='word_1_188' title='bbox 709 2910 784 2993; x_wconf 89' lang='lat' dir='ltr'>quid</span> <span class='ocrx_word' id='word_1_189' title='bbox 808 2932 880 2973; x_wconf 86' lang='lat' dir='ltr'>cum</span> <span class='ocrx_word' id='word_1_190' title='bbox 904 2910 954 2974; x_wconf 90' lang='lat' dir='ltr'>his</span> <span class='ocrx_word' id='word_1_191' title='bbox 978 2915 1084 2974; x_wconf 85' lang='lat' dir='ltr'>uotum</span> <span class='ocrx_word' id='word_1_192' title='bbox 1108 2912 1252 2972; x_wconf 82' lang='lat' dir='ltr'>eontrac-</span> 
     </span>
     <span class='ocr_line' id='line_1_26' title="bbox 83 3015 1252 3100; baseline 0 -24"><span class='ocrx_word' id='word_1_193' title='bbox 83 3019 179 3080; x_wconf 83' lang='lat' dir='ltr'>tumve</span> <span class='ocrx_word' id='word_1_194' title='bbox 204 3016 257 3094; x_wconf 76' lang='lat' dir='ltr'>sit,</span> <span class='ocrx_word' id='word_1_195' title='bbox 283 3015 387 3100; x_wconf 83' lang='lat' dir='ltr'>cupite</span> <span class='ocrx_word' id='word_1_196' title='bbox 410 3015 566 3079; x_wconf 84' lang='lat' dir='ltr'>deminuti</span> <span class='ocrx_word' id='word_1_197' title='bbox 583 3016 764 3079; x_wconf 81' lang='lat' dir='ltr'>deminutae</span> <span class='ocrx_word' id='word_1_198' title='bbox 780 3036 847 3078; x_wconf 84' lang='lat' dir='ltr'>esse</span> <span class='ocrx_word' id='word_1_199' title='bbox 862 3016 1017 3091; x_wconf 77' lang='lat' dir='ltr'>dicentur,</span> <span class='ocrx_word' id='word_1_200' title='bbox 1034 3016 1065 3077; x_wconf 89' lang='lat' dir='ltr'>in</span> <span class='ocrx_word' id='word_1_201' title='bbox 1083 3037 1136 3078; x_wconf 89' lang='lat' dir='ltr'>eos</span> <span class='ocrx_word' id='word_1_202' title='bbox 1152 3036 1252 3091; x_wconf 74' lang='lat' dir='ltr'>eosve,</span> 
     </span>
     <span class='ocr_line' id='line_1_27' title="bbox 80 3118 1009 3204; baseline -0.001 -21"><span class='ocrx_word' id='word_1_203' title='bbox 80 3121 201 3201; x_wconf 76' lang='lat' dir='ltr'>perinde</span> <span class='ocrx_word' id='word_1_204' title='bbox 225 3121 317 3204; x_wconf 83' lang='lat' dir='ltr'>quasi</span> <span class='ocrx_word' id='word_1_205' title='bbox 340 3120 373 3184; x_wconf 94' lang='lat' dir='ltr'>id</span> <span class='ocrx_word' id='word_1_206' title='bbox 401 3120 522 3185; x_wconf 82' lang='lat' dir='ltr'>factum</span> <span class='ocrx_word' id='word_1_207' title='bbox 547 3143 610 3183; x_wconf 91' lang='lat' dir='ltr'>non</span> <span class='ocrx_word' id='word_1_208' title='bbox 634 3122 685 3196; x_wconf 84' lang='lat' dir='ltr'>sit,</span> <span class='ocrx_word' id='word_1_209' title='bbox 709 3120 860 3183; x_wconf 87' lang='lat' dir='ltr'>iudicium</span> <span class='ocrx_word' id='word_1_210' title='bbox 883 3118 1009 3182; x_wconf 84' lang='lat' dir='ltr'>dabo¹¹.</span> 
     </span>
    </p>

    <p class='ocr_par' dir='ltr' id='par_1_12' title="bbox 79 3221 1253 3621">
     <span class='ocr_line' id='line_1_28' title="bbox 159 3221 1253 3308; baseline -0.003 -20"><span class='ocrx_word' id='word_1_211' title='bbox 159 3229 188 3291; x_wconf 78' lang='lat'>5.</span> <span class='ocrx_word' id='word_1_212' title='bbox 226 3225 317 3301; x_wconf 90' lang='lat' dir='ltr'>Quod</span> <span class='ocrx_word' id='word_1_213' title='bbox 340 3247 376 3289; x_wconf 87' lang='lat' dir='ltr'>eo</span> <span class='ocrx_word' id='word_1_214' title='bbox 400 3223 538 3302; x_wconf 77' lang='lat' dir='ltr'>auctore,</span> <span class='ocrx_word' id='word_1_215' title='bbox 565 3226 618 3308; x_wconf 89' lang='lat' dir='ltr'>qui</span> <span class='ocrx_word' id='word_1_216' title='bbox 646 3229 733 3288; x_wconf 79' lang='lat' dir='ltr'>tutor</span> <span class='ocrx_word' id='word_1_217' title='bbox 757 3247 818 3286; x_wconf 89' lang='lat' dir='ltr'>non</span> <span class='ocrx_word' id='word_1_218' title='bbox 838 3224 945 3302; x_wconf 80' lang='lat' dir='ltr'>fuerit,</span> <span class='ocrx_word' id='word_1_219' title='bbox 971 3272 1107 3289; x_wconf 90' lang='grc'><strong><em>.......</em></strong></span> <span class='ocrx_word' id='word_1_220' title='bbox 1116 3221 1154 3300; x_wconf 74' lang='lat'>¹²,</span> <span class='ocrx_word' id='word_1_221' title='bbox 1178 3224 1204 3286; x_wconf 87' lang='lat' dir='ltr'>si</span> <span class='ocrx_word' id='word_1_222' title='bbox 1222 3223 1253 3285; x_wconf 90' lang='lat' dir='ltr'>id</span> 
     </span>
     <span class='ocr_line' id='line_1_29' title="bbox 79 3326 1253 3414; baseline -0.003 -21"><span class='ocrx_word' id='word_1_223' title='bbox 79 3336 161 3394; x_wconf 78' lang='lat' dir='ltr'>octor</span> <span class='ocrx_word' id='word_1_224' title='bbox 183 3330 356 3414; x_wconf 79' lang='lat' dir='ltr'>ignoravit,</span> <span class='ocrx_word' id='word_1_225' title='bbox 380 3329 462 3393; x_wconf 79' lang='lat' dir='ltr'>dubo</span> <span class='ocrx_word' id='word_1_226' title='bbox 485 3329 518 3392; x_wconf 90' lang='lat' dir='ltr'>in</span> <span class='ocrx_word' id='word_1_227' title='bbox 541 3328 703 3414; x_wconf 80' lang='lat' dir='ltr'>integrum</span> <span class='ocrx_word' id='word_1_228' title='bbox 728 3327 1006 3392; x_wconf 77' lang='lat' dir='ltr'>restitutionem¹³.</span> <span class='ocrx_word' id='word_1_229' title='bbox 1046 3326 1083 3392; x_wconf 89' lang='lat' dir='ltr'>Iu</span> <span class='ocrx_word' id='word_1_230' title='bbox 1099 3350 1180 3403; x_wconf 82' lang='lat' dir='ltr'>eum,</span> <span class='ocrx_word' id='word_1_231' title='bbox 1199 3329 1253 3411; x_wconf 91' lang='lat' dir='ltr'>qui</span> 
     </span>
     <span class='ocr_line' id='line_1_30' title="bbox 80 3432 1253 3510; baseline 0 -15"><span class='ocrx_word' id='word_1_232' title='bbox 80 3454 146 3498; x_wconf 85' lang='lat' dir='ltr'>cum</span> <span class='ocrx_word' id='word_1_233' title='bbox 168 3439 258 3498; x_wconf 87' lang='lat' dir='ltr'>tutor</span> <span class='ocrx_word' id='word_1_234' title='bbox 281 3455 345 3497; x_wconf 90' lang='lat' dir='ltr'>non</span> <span class='ocrx_word' id='word_1_235' title='bbox 368 3438 458 3508; x_wconf 73' lang='lat' dir='ltr'>esset,</span> <span class='ocrx_word' id='word_1_236' title='bbox 484 3434 556 3497; x_wconf 92' lang='lat' dir='ltr'>dolo</span> <span class='ocrx_word' id='word_1_237' title='bbox 580 3435 665 3497; x_wconf 83' lang='lat' dir='ltr'>malo</span> <span class='ocrx_word' id='word_1_238' title='bbox 688 3438 799 3497; x_wconf 84' lang='lat' dir='ltr'>auctor</span> <span class='ocrx_word' id='word_1_239' title='bbox 819 3433 925 3496; x_wconf 79' lang='lat' dir='ltr'>factus</span> <span class='ocrx_word' id='word_1_240' title='bbox 940 3455 1007 3497; x_wconf 80' lang='lat' dir='ltr'>esse</span> <span class='ocrx_word' id='word_1_241' title='bbox 1023 3434 1154 3510; x_wconf 86' lang='lat' dir='ltr'>dicetur,</span> <span class='ocrx_word' id='word_1_242' title='bbox 1170 3432 1253 3495; x_wconf 91' lang='lat' dir='ltr'>iudi·</span> 
     </span>
     <span class='ocr_line' id='line_1_31' title="bbox 79 3536 1253 3621; baseline -0.003 -19"><span class='ocrx_word' id='word_1_243' title='bbox 79 3539 156 3602; x_wconf 84' lang='lat' dir='ltr'>cium</span> <span class='ocrx_word' id='word_1_244' title='bbox 172 3538 266 3614; x_wconf 74' lang='lat' dir='ltr'>debu,</span> <span class='ocrx_word' id='word_1_245' title='bbox 283 3542 329 3615; x_wconf 84' lang='lat' dir='ltr'>ut,</span> <span class='ocrx_word' id='word_1_246' title='bbox 343 3538 456 3621; x_wconf 80' lang='lat' dir='ltr'>quanti</span> <span class='ocrx_word' id='word_1_247' title='bbox 473 3560 510 3600; x_wconf 82' lang='lat' dir='ltr'>eu</span> <span class='ocrx_word' id='word_1_248' title='bbox 522 3561 571 3602; x_wconf 84' lang='lat' dir='ltr'>res</span> <span class='ocrx_word' id='word_1_249' title='bbox 585 3539 655 3613; x_wconf 81' lang='lat' dir='ltr'>erit,</span> <span class='ocrx_word' id='word_1_250' title='bbox 669 3543 790 3602; x_wconf 82' lang='lat' dir='ltr'>tantam</span> <span class='ocrx_word' id='word_1_251' title='bbox 805 3539 970 3621; x_wconf 83' lang='lat' dir='ltr'>pecuniam</span> <span class='ocrx_word' id='word_1_252' title='bbox 984 3536 1253 3602; x_wconf 81' lang='lat' dir='ltr'>condemnetnr¹⁴.</span> 
     </span>
    </p>

    <p class='ocr_par' dir='ltr' id='par_1_13' title="bbox 161 3641 1254 3726">
     <span class='ocr_line' id='line_1_32' title="bbox 161 3641 1254 3726; baseline 0 -19"><span class='ocrx_word' id='word_1_253' title='bbox 161 3643 191 3709; x_wconf 90' lang='grc'>6.</span> <span class='ocrx_word' id='word_1_254' title='bbox 227 3641 262 3705; x_wconf 85' lang='lat' dir='ltr'>Si</span> <span class='ocrx_word' id='word_1_255' title='bbox 293 3641 382 3706; x_wconf 87' lang='lat' dir='ltr'>cuius</span> <span class='ocrx_word' id='word_1_256' title='bbox 412 3642 488 3726; x_wconf 93' lang='lat' dir='ltr'>quid</span> <span class='ocrx_word' id='word_1_257' title='bbox 516 3644 554 3706; x_wconf 90' lang='lat' dir='ltr'>de</span> <span class='ocrx_word' id='word_1_258' title='bbox 581 3644 690 3719; x_wconf 76' lang='lat' dir='ltr'>bodie,</span> <span class='ocrx_word' id='word_1_259' title='bbox 722 3666 792 3706; x_wconf 82' lang='lat' dir='ltr'>cuni</span> <span class='ocrx_word' id='word_1_260' title='bbox 826 3645 854 3706; x_wconf 93' lang='lat' dir='ltr'>is</span> <span class='ocrx_word' id='word_1_261' title='bbox 878 3649 983 3708; x_wconf 78' lang='lat' dir='ltr'>metus</span> <span class='ocrx_word' id='word_1_262' title='bbox 1011 3649 1067 3706; x_wconf 81' lang='lat' dir='ltr'>aut.</span> <span class='ocrx_word' id='word_1_263' title='bbox 1090 3645 1159 3707; x_wconf 79' lang='lat' dir='ltr'>sine.</span> <span class='ocrx_word' id='word_1_264' title='bbox 1183 3643 1254 3707; x_wconf 88' lang='lat' dir='ltr'>dolo</span> 
     </span>
    </p>
   </div>
   <div class='ocr_carea' id='block_1_3' title="bbox 71 3866 1255 4461">
    <p class='ocr_par' dir='ltr' id='par_1_14' title="bbox 71 3866 1255 4461">
     <span class='ocr_line' id='line_1_33' title="bbox 144 3866 1254 3937; baseline 0.001 -18"><span class='ocrx_word' id='word_1_265' title='bbox 144 3868 172 3933; x_wconf 92' lang='grc'>1)</span> <span class='ocrx_word' id='word_1_266' title='bbox 190 3866 239 3920; x_wconf 65' lang='lat' dir='ltr'>m.</span> <span class='ocrx_word' id='word_1_267' title='bbox 266 3866 325 3919; x_wconf 86' lang='lat' dir='ltr'>Vat.</span> <span class='ocrx_word' id='word_1_268' title='bbox 344 3870 405 3919; x_wconf 77' lang='lat'><strong><em>322.</em></strong></span> <span class='ocrx_word' id='word_1_269' title='bbox 428 3896 458 3905; x_wconf 90' lang='lat'><em>-</em></span> <span class='ocrx_word' id='word_1_270' title='bbox 478 3868 505 3933; x_wconf 84' lang='lat'>2)</span> <span class='ocrx_word' id='word_1_271' title='bbox 526 3867 562 3919; x_wconf 90' lang='lat' dir='ltr'>D.</span> <span class='ocrx_word' id='word_1_272' title='bbox 582 3871 703 3933; x_wconf 79' lang='lat'><strong><em>3,3‚33,3.</em></strong></span> <span class='ocrx_word' id='word_1_273' title='bbox 723 3867 947 3935; x_wconf 70' lang='lat'><strong><em>-3)1).3,4.7</em></strong></span> <span class='ocrx_word' id='word_1_274' title='bbox 961 3886 1005 3937; x_wconf 82' lang='lat' dir='ltr'>pr.</span> <span class='ocrx_word' id='word_1_275' title='bbox 1027 3899 1057 3906; x_wconf 92' lang='lat'>—</span> <span class='ocrx_word' id='word_1_276' title='bbox 1078 3870 1105 3934; x_wconf 81' lang='grc'>4)</span> <span class='ocrx_word' id='word_1_277' title='bbox 1122 3868 1204 3922; x_wconf 70' lang='lat' dir='ltr'>Rutu.</span> <span class='ocrx_word' id='word_1_278' title='bbox 1218 3869 1254 3921; x_wconf 88' lang='lat' dir='ltr'>D.</span> 
     </span>
     <span class='ocr_line' id='line_1_34' title="bbox 74 3953 1254 4023; baseline 0.004 -21"><span class='ocrx_word' id='word_1_279' title='bbox 74 3956 124 4015; x_wconf 65' lang='grc'>[1,4.</span> <span class='ocrx_word' id='word_1_280' title='bbox 142 3983 175 3993; x_wconf 89' lang='lat'>·-</span> <span class='ocrx_word' id='word_1_281' title='bbox 195 3956 223 4022; x_wconf 83' lang='grc'>5)</span> <span class='ocrx_word' id='word_1_282' title='bbox 242 3953 280 4006; x_wconf 82' lang='lat' dir='ltr'>D.</span> <span class='ocrx_word' id='word_1_283' title='bbox 299 3956 369 4016; x_wconf 82' lang='lat'><strong><em>3,5,3</em></strong></span> <span class='ocrx_word' id='word_1_284' title='bbox 383 3971 425 4022; x_wconf 79' lang='lat' dir='ltr'>pr.</span> <span class='ocrx_word' id='word_1_285' title='bbox 446 3984 478 3992; x_wconf 95' lang='lat'>—</span> <span class='ocrx_word' id='word_1_286' title='bbox 497 3956 528 4021; x_wconf 87' lang='grc'>6)</span> <span class='ocrx_word' id='word_1_287' title='bbox 547 3954 582 4006; x_wconf 88' lang='grc'>1).</span> <span class='ocrx_word' id='word_1_288' title='bbox 603 3958 670 4021; x_wconf 77' lang='grc'>3,6,1</span> <span class='ocrx_word' id='word_1_289' title='bbox 689 3972 732 4023; x_wconf 73' lang='lat' dir='ltr'>pr.</span> <span class='ocrx_word' id='word_1_290' title='bbox 764 3956 804 4007; x_wconf 79' lang='lat' dir='ltr'>De</span> <span class='ocrx_word' id='word_1_291' title='bbox 822 3958 912 4008; x_wconf 62' lang='lat' dir='ltr'>deteret</span> <span class='ocrx_word' id='word_1_292' title='bbox 932 3957 1012 4010; x_wconf 76' lang='lat' dir='ltr'>liuius</span> <span class='ocrx_word' id='word_1_293' title='bbox 1025 3958 1099 4009; x_wconf 74' lang='lat' dir='ltr'>tituli</span> <span class='ocrx_word' id='word_1_294' title='bbox 1110 3958 1201 4011; x_wconf 70' lang='lat' dir='ltr'>edictis</span> <span class='ocrx_word' id='word_1_295' title='bbox 1220 3957 1254 4023; x_wconf 85' lang='lat' dir='ltr'>cf.</span> 
     </span>
     <span class='ocr_line' id='line_1_35' title="bbox 74 4038 1251 4111; baseline 0.005 -20"><span class='ocrx_word' id='word_1_296' title='bbox 74 4038 109 4093; x_wconf 86' lang='lat' dir='ltr'>E.</span> <span class='ocrx_word' id='word_1_297' title='bbox 128 4039 158 4092; x_wconf 90' lang='lat' dir='ltr'>P.</span> <span class='ocrx_word' id='word_1_298' title='bbox 172 4058 201 4108; x_wconf 79' lang='lat' dir='ltr'>p.</span> <span class='ocrx_word' id='word_1_299' title='bbox 221 4043 258 4093; x_wconf 76' lang='lat'>87</span> <span class='ocrx_word' id='word_1_300' title='bbox 276 4057 331 4108; x_wconf 71' lang='lat' dir='ltr'>sqq.</span> <span class='ocrx_word' id='word_1_301' title='bbox 360 4070 395 4111; x_wconf 16' lang='lat'>-¹</span> <span class='ocrx_word' id='word_1_302' title='bbox 413 4041 440 4109; x_wconf 84' lang='grc'>7)</span> <span class='ocrx_word' id='word_1_303' title='bbox 461 4040 547 4096; x_wconf 79' lang='lat' dir='ltr'>Rubr,</span> <span class='ocrx_word' id='word_1_304' title='bbox 568 4043 603 4094; x_wconf 83' lang='grc'>1).</span> <span class='ocrx_word' id='word_1_305' title='bbox 623 4045 671 4107; x_wconf 84' lang='grc'>4,1.</span> <span class='ocrx_word' id='word_1_306' title='bbox 695 4073 724 4079; x_wconf 85' lang='lat'>-—</span> <span class='ocrx_word' id='word_1_307' title='bbox 744 4043 772 4109; x_wconf 87' lang='grc'>8)</span> <span class='ocrx_word' id='word_1_308' title='bbox 790 4043 826 4094; x_wconf 87' lang='lat' dir='ltr'>l).</span> <span class='ocrx_word' id='word_1_309' title='bbox 846 4047 922 4107; x_wconf 69' lang='grc'>4,2,1.</span> <span class='ocrx_word' id='word_1_310' title='bbox 942 4072 976 4082; x_wconf 88' lang='grc'>-</span> <span class='ocrx_word' id='word_1_311' title='bbox 994 4044 1023 4110; x_wconf 85' lang='grc'>9)</span> <span class='ocrx_word' id='word_1_312' title='bbox 1044 4043 1081 4096; x_wconf 88' lang='lat' dir='ltr'>D.</span> <span class='ocrx_word' id='word_1_313' title='bbox 1101 4048 1200 4109; x_wconf 75' lang='lat'><em>4‚3‚1‚1.</em></span> <span class='ocrx_word' id='word_1_314' title='bbox 1223 4074 1251 4081; x_wconf 95' lang='lat'><em>-</em></span> 
     </span>
     <span class='ocr_line' id='line_1_36' title="bbox 76 4126 1253 4198; baseline 0.004 -19"><span class='ocrx_word' id='word_1_315' title='bbox 76 4127 118 4193; x_wconf 85' lang='grc'>10)</span> <span class='ocrx_word' id='word_1_316' title='bbox 134 4126 172 4180; x_wconf 90' lang='lat' dir='ltr'>D.</span> <span class='ocrx_word' id='word_1_317' title='bbox 190 4131 298 4195; x_wconf 76' lang='lat'><strong><em>4,4‚1,1.</em></strong></span> <span class='ocrx_word' id='word_1_318' title='bbox 328 4158 359 4166; x_wconf 96' lang='lat'>—</span> <span class='ocrx_word' id='word_1_319' title='bbox 390 4127 434 4195; x_wconf 90' lang='lat' dir='ltr'>ll)</span> <span class='ocrx_word' id='word_1_320' title='bbox 453 4128 491 4180; x_wconf 92' lang='lat' dir='ltr'>D.</span> <span class='ocrx_word' id='word_1_321' title='bbox 513 4133 616 4194; x_wconf 74' lang='lat' dir='ltr'>4,5‚9,t.</span> <span class='ocrx_word' id='word_1_322' title='bbox 643 4160 678 4169; x_wconf 94' lang='lat'>-</span> <span class='ocrx_word' id='word_1_323' title='bbox 700 4130 742 4196; x_wconf 82' lang='grc'>12)</span> <span class='ocrx_word' id='word_1_324' title='bbox 762 4129 847 4182; x_wconf 80' lang='lat' dir='ltr'>Rubr.</span> <span class='ocrx_word' id='word_1_325' title='bbox 870 4131 907 4184; x_wconf 88' lang='lat' dir='ltr'>D.</span> <span class='ocrx_word' id='word_1_326' title='bbox 926 4135 1002 4195; x_wconf 59' lang='lat'><em>2136:</em></span> <span class='ocrx_word' id='word_1_327' title='bbox 1025 4131 1099 4198; x_wconf 91' lang='lat' dir='ltr'>quod</span> <span class='ocrx_word' id='word_1_328' title='bbox 1119 4131 1192 4186; x_wconf 78' lang='lat' dir='ltr'>falso</span> <span class='ocrx_word' id='word_1_329' title='bbox 1212 4135 1253 4184; x_wconf 89' lang='lat' dir='ltr'>tu·</span> 
     </span>
     <span class='ocr_line' id='line_1_37' title="bbox 74 4214 1255 4284; baseline 0.004 -18"><span class='ocrx_word' id='word_1_330' title='bbox 74 4219 133 4269; x_wconf 81' lang='lat' dir='ltr'>tore</span> <span class='ocrx_word' id='word_1_331' title='bbox 156 4217 274 4270; x_wconf 72' lang='lat' dir='ltr'>auctore</span> <span class='ocrx_word' id='word_1_332' title='bbox 295 4221 398 4284; x_wconf 71' lang='lat' dir='ltr'>pentum</span> <span class='ocrx_word' id='word_1_333' title='bbox 425 4231 483 4269; x_wconf 75' lang='lat' dir='ltr'>ense</span> <span class='ocrx_word' id='word_1_334' title='bbox 507 4214 622 4269; x_wconf 87' lang='lat' dir='ltr'>dicetur.</span> <span class='ocrx_word' id='word_1_335' title='bbox 660 4216 717 4269; x_wconf 77' lang='lat' dir='ltr'>Nee</span> <span class='ocrx_word' id='word_1_336' title='bbox 741 4224 826 4270; x_wconf 79' lang='lat' dir='ltr'>tuiuen</span> <span class='ocrx_word' id='word_1_337' title='bbox 852 4218 883 4269; x_wconf 75' lang='lat' dir='ltr'>de</span> <span class='ocrx_word' id='word_1_338' title='bbox 902 4219 994 4284; x_wconf 67' lang='lat' dir='ltr'>quoe-ie</span> <span class='ocrx_word' id='word_1_339' title='bbox 1015 4219 1132 4284; x_wconf 64' lang='lat' dir='ltr'>necando,</span> <span class='ocrx_word' id='word_1_340' title='bbox 1159 4219 1206 4271; x_wconf 81' lang='lat' dir='ltr'>sed</span> <span class='ocrx_word' id='word_1_341' title='bbox 1224 4220 1255 4271; x_wconf 81' lang='lat' dir='ltr'>de</span> 
     </span>
     <span class='ocr_line' id='line_1_38' title="bbox 72 4303 1254 4372; baseline 0.006 -19"><span class='ocrx_word' id='word_1_342' title='bbox 72 4303 119 4354; x_wconf 73' lang='lat' dir='ltr'>liu</span> <span class='ocrx_word' id='word_1_343' title='bbox 138 4309 289 4357; x_wconf 67' lang='lat' dir='ltr'>commata</span> <span class='ocrx_word' id='word_1_344' title='bbox 307 4303 350 4355; x_wconf 71' lang='lat' dir='ltr'>no</span> <span class='ocrx_word' id='word_1_345' title='bbox 370 4304 451 4371; x_wconf 66' lang='lat' dir='ltr'>equo</span> <span class='ocrx_word' id='word_1_346' title='bbox 469 4310 617 4370; x_wconf 82' lang='lat' dir='ltr'>praetorem</span> <span class='ocrx_word' id='word_1_347' title='bbox 637 4305 763 4358; x_wconf 79' lang='lat' dir='ltr'>arbitror.</span> <span class='ocrx_word' id='word_1_348' title='bbox 802 4304 843 4372; x_wconf 68' lang='lat' dir='ltr'>(Y.</span> <span class='ocrx_word' id='word_1_349' title='bbox 865 4305 900 4356; x_wconf 84' lang='lat' dir='ltr'>I).</span> <span class='ocrx_word' id='word_1_350' title='bbox 920 4307 1041 4367; x_wconf 70' lang='lat' dir='ltr'>:27‚o&#39;,3.o&#39;.</span> <span class='ocrx_word' id='word_1_351' title='bbox 1065 4335 1096 4341; x_wconf 83' lang='lat'>—</span> <span class='ocrx_word' id='word_1_352' title='bbox 1120 4306 1161 4367; x_wconf 84' lang='grc'>13)</span> <span class='ocrx_word' id='word_1_353' title='bbox 1180 4305 1254 4360; x_wconf 76' lang='lat' dir='ltr'>dubo</span> 
     </span>
     <span class='ocr_line' id='line_1_39' title="bbox 71 4389 1191 4461; baseline 0.001 -18"><span class='ocrx_word' id='word_1_354' title='bbox 71 4391 89 4443; x_wconf 86' lang='lat' dir='ltr'>i.</span> <span class='ocrx_word' id='word_1_355' title='bbox 109 4390 126 4442; x_wconf 90' lang='lat' dir='ltr'>i.</span> <span class='ocrx_word' id='word_1_356' title='bbox 145 4390 222 4461; x_wconf 72' lang='lat' dir='ltr'>rest]</span> <span class='ocrx_word' id='word_1_357' title='bbox 242 4405 298 4443; x_wconf 81' lang='lat' dir='ltr'>non</span> <span class='ocrx_word' id='word_1_358' title='bbox 317 4389 440 4443; x_wconf 65' lang='lat' dir='ltr'>metentur</span> <span class='ocrx_word' id='word_1_359' title='bbox 457 4391 522 4444; x_wconf 78' lang='lat' dir='ltr'>liaeo</span> <span class='ocrx_word' id='word_1_360' title='bbox 538 4394 671 4460; x_wconf 81' lang='lat' dir='ltr'>praetoris</span> <span class='ocrx_word' id='word_1_361' title='bbox 690 4409 749 4445; x_wconf 75' lang='lat' dir='ltr'>osse.</span> <span class='ocrx_word' id='word_1_362' title='bbox 772 4422 802 4430; x_wconf 92' lang='lat'>-</span> <span class='ocrx_word' id='word_1_363' title='bbox 824 4393 864 4450; x_wconf 82' lang='grc'>14)</span> <span class='ocrx_word' id='word_1_364' title='bbox 883 4391 920 4443; x_wconf 88' lang='lat' dir='ltr'>D.</span> <span class='ocrx_word' id='word_1_365' title='bbox 941 4395 1097 4456; x_wconf 61' lang='lat' dir='ltr'>2¹7‚d,1,2.o&#39;;</span> <span class='ocrx_word' id='word_1_366' title='bbox 1116 4397 1130 4443; x_wconf 72' lang='grc' dir='ltr'><em>ἵ</em></span> <span class='ocrx_word' id='word_1_367' title='bbox 1149 4409 1191 4460; x_wconf 82' lang='lat' dir='ltr'>pr.</span> 
     </span>
    </p>
   </div>
   <div class='ocr_carea' id='block_1_4' title="bbox 0 0 1500 5040">
    <p class='ocr_par' dir='ltr' id='par_1_15' title="bbox 0 0 1500 5040">
     <span class='ocr_line' id='line_1_40' title="bbox 0 0 1500 5040; baseline 0 3"><span class='ocrx_word' id='word_1_368' title='bbox 0 0 1500 5040; x_wconf 95' lang='lat' dir='ltr'> </span> 
     </span>
    </p>
   </div>
  </div>
 </body>
</html>
