2992 5040
137 333 178 397 92
453 332 508 387 Lex
528 331 658 389 Cornelia
676 333 711 387 de
731 333 780 387 XX
799 334 1002 402 quaestoribus.

138 507 210 572 diue
234 508 348 593 dignos
371 508 627 586 arbitrabuntur,
651 509 793 593 legunto.
841 508 943 583 Quam
967 510 1000 575 in
1017 511 1151 595 quisque
1175 514 1246 594 (⁸¹)
1267 513 1323 578 de·

137 613 258 677 curiam
280 613 327 677 ita
350 613 455 677 uiator
478 614 578 678 lectus
601 613 676 689 erit,
708 612 736 677 is
759 614 792 677 in
816 635 854 677 ea
877 615 1005 680 decuria
1029 615 1133 680 viator
1158 617 1229 700 (77)
1253 623 1323 682 esto

137 717 214 781 item
244 717 311 782 utei
342 719 455 782 ceterei
486 719 553 783 eius
580 718 725 782 decuriae
748 719 886 784 viatores
910 725 1013 784 erunt.
1061 721 1131 806 (77)
1156 720 1323 808 Quamque

138 823 169 884 in
195 822 329 906 quisque
352 823 511 887 decuriam
533 822 579 887 ita
603 844 715 906 praeco
738 823 841 887 lectus
864 825 935 903 erit,
960 826 1028 905 (77)
1050 825 1077 889 is
1093 826 1125 889 in
1142 848 1180 890 ea
1195 828 1324 892 decuria

138 947 252 1008 praeco
275 931 343 990 esto
367 926 414 990 ita
436 927 503 992 utei
526 927 639 991 ceterei
665 927 732 990 eius
755 927 902 991 decuriae
927 930 1001 1012 (¹¹¹¹)
1026 952 1196 1013 praecones
1219 938 1323 995 erunt.

139 1026 343 1114 Sircmpsque
377 1031 422 1094 eis
446 1031 622 1095 viatoribus
646 1031 745 1115 deque
771 1033 842 1115 (³⁹)
867 1035 912 1097 eis
937 1034 1113 1098 viatoribus
1135 1038 1325 1119 q(uaestori)

142 1135 283 1198 omnium
309 1156 415 1199 rerum
438 1136 511 1199 iuus
534 1135 649 1218 lexque
672 1139 750 1212 esto,
784 1139 891 1220 quasei
916 1137 986 1222 (⁴⁰)
1010 1140 1054 1203 sei
1078 1140 1106 1203 ei
1130 1141 1268 1204 viatores
1291 1141 1325 1204 in

138 1258 208 1301 eam
238 1239 397 1304 decuriam
429 1240 462 1302 in
498 1239 600 1304 tribus
631 1241 808 1304 viatoribus
843 1243 915 1326 (⁴¹)
939 1248 1033 1307 antea
1056 1244 1147 1308 lectei
1170 1245 1326 1310 sublectei

94 1354 128 1408 11.
138 1348 263 1421 esseut,
296 1366 392 1427 quam
416 1345 449 1408 iu
474 1345 609 1429 quisque
632 1345 791 1409 decuriam
816 1347 863 1430 (¹)
887 1369 995 1412 eorum
1020 1371 1057 1412 ex
1079 1347 1140 1413 bac
1161 1348 1233 1433 lege
1258 1349 1326 1412 via-

142 1451 193 1510 tor
216 1446 316 1512 lectus
340 1449 409 1514 erit.
457 1447 661 1533 Sirempsque
684 1449 730 1513 eis
753 1454 799 1532 (7)
824 1453 1033 1535 praeconibus
1056 1453 1156 1536 deque
1172 1455 1217 1517 eis
1232 1476 1326 1537 prae·

140 1552 272 1616 cunibus
306 1555 467 1638 quaestori
502 1556 644 1618 omniurn
676 1545 723 1639 (¹)
747 1577 851 1619 rerum
877 1556 948 1619 iuus
976 1556 1089 1641 lexque
1112 1563 1190 1636 esto,
1215 1558 1325 1641 quasei

141 1657 186 1721 sei
222 1658 251 1722 ei
284 1680 453 1741 praecones
487 1659 519 1721 in
552 1681 620 1723 eam
654 1661 701 1741 (⁴)
731 1661 890 1725 decuriam
923 1662 956 1724 in
989 1663 1092 1726 tribus
1115 1663 1326 1746 praeconibus

142 1767 236 1827 antea
260 1763 352 1828 lectei
376 1764 529 1828 sublectei
553 1766 602 1846 (⁵)
628 1770 743 1839 essent,
768 1787 864 1850 quam
888 1767 921 1830 in
938 1768 1073 1850 quisque
1096 1767 1255 1832 decuriam
1272 1791 1326 1831 eo·

143 1890 213 1931 rum
236 1890 274 1932 ex
297 1867 358 1932 hac
380 1868 451 1953 lege
473 1869 521 1949 (7)
545 1891 658 1952 praeco
682 1870 781 1934 lectus
803 1868 874 1934 erit.
898 1891 944 1936 rx)

229 1972 278 2056 (7)
301 1971 401 2055 Quos
411 1994 571 2057 quomque
594 1978 777 2057 quaestores
803 1997 840 2038 ex
856 1975 927 2060 lege
951 1977 1094 2060 plebeive
1117 1979 1197 2041 scito
1221 1978 1325 2042 viato-

143 2098 192 2140 res
216 2075 265 2161 (⁸)
289 2077 394 2161 legere
416 2077 583 2162 sublegere
606 2077 776 2161 oportebit,
801 2080 829 2142 ei
853 2085 1037 2163 quaestores
1061 2104 1098 2145 eo
1113 2083 1182 2146 iure
1202 2104 1240 2165 ea
1255 2083 1326 2166 lege

143 2180 192 2265 (¹)
219 2182 358 2246 uiatores
380 2179 446 2246 IlIl
472 2181 605 2265 legunto
628 2182 833 2267 sublegunto,
857 2206 920 2267 quo
942 2185 1012 2249 iure
1034 2208 1097 2270 qua
1120 2188 1191 2270 lege
1214 2186 1327 2270 q(uae-

145 2290 258 2363 stores,
285 2286 353 2368 (¹⁰)
378 2286 452 2370 quei
475 2308 559 2350 nuuc
582 2290 666 2361 sunt,
697 2287 834 2351 viatores
857 2287 906 2352 III
929 2289 1076 2374 legerunt
1099 2289 1327 2374 sublegerunt;

143 2413 285 2476 quosque
320 2389 389 2474 (¹¹)
414 2413 574 2474 quomque
597 2396 782 2474 quaestores
812 2415 849 2455 ex
874 2393 944 2478 lege
967 2393 1109 2478 plebeiae
1130 2397 1211 2460 scito
1235 2416 1327 2479 prae·

142 2517 236 2560 eones
258 2496 365 2581 legere
388 2497 416 2577 (¹
429 2496 459 2578 7)
486 2493 654 2579 sublegere
677 2495 848 2578 oportebit,
880 2499 909 2561 ei
933 2503 1117 2582 quaestores
1139 2523 1176 2565 eo
1199 2501 1268 2564 iure
1291 2522 1328 2564 ea

142 2599 213 2684 lege
236 2621 406 2684 praecones
430 2599 501 2684 (¹¹)
525 2598 590 2664 IIII
613 2598 746 2684 legunto
769 2600 974 2686 sublegunto,
999 2625 1062 2687 quo
1084 2605 1153 2667 iure
1178 2627 1242 2687 qua
1258 2605 1328 2689 lege

143 2709 340 2788 quaestores,
373 2705 446 2788 quei
477 2706 546 2785 (¹¹)
571 2725 658 2767 nuuc
680 2709 774 2781 suut,
807 2729 977 2789 praecones
1010 2706 1058 2771 111
1080 2708 1228 2794 legerunt
1250 2710 1328 2774 sub·

143 2811 301 2894 legerunt,
325 2812 400 2875 dum
425 2811 457 2874 ui
481 2832 574 2894 quem
593 2812 621 2891 (¹
633 2811 664 2890 7)
680 2811 714 2874 in
731 2810 776 2874 eis
796 2811 971 2874 viatoribus
986 2814 1195 2894 praeconibus
1212 2814 1327 2899 legun·

143 2915 211 2980 deis
233 2915 460 3003 sublegundeis
483 2916 515 2979 iu
540 2914 608 2979 eius
632 2915 659 3000 (¹
672 2914 702 2998 7)
721 2915 853 2979 viatoris
869 2916 1033 2999 praeconis
1050 2917 1155 2982 locum
1175 2920 1327 2983 viatorem

143 3043 330 3104 praeconem
360 3021 470 3108 legant
501 3020 571 3103 (¹¹)
596 3019 785 3102 sublegant,
821 3020 935 3103 quious
968 3021 1128 3085 inlocum
1163 3045 1217 3105 per
1240 3023 1327 3107 leges

143 3124 285 3209 plebeiae
316 3126 396 3191 scita
427 3125 581 3189 viatorem
604 3127 631 3202 (¹
644 3126 674 3203 7)
700 3145 887 3206 praeconem
910 3124 992 3208 legei
1016 3125 1141 3210 sublegi
1165 3149 1229 3189 non
1253 3127 1328 3190 lice-

143 3231 208 3306 bit;
231 3233 340 3315 itaque
363 3231 401 3294 de
424 3231 468 3294 eis
492 3234 644 3313 quattuor
668 3230 739 3311 (77)
767 3228 943 3291 viatoribus
967 3235 1117 3312 quaestor
1139 3231 1328 3313 queiquom-

144 3359 206 3419 que
228 3337 290 3401 erit
313 3337 450 3398 viatores
474 3334 593 3398 sumito
617 3333 690 3413 (¹⁰)
718 3333 845 3406 habeto,
871 3331 937 3394 utei
960 3337 1035 3396 ante
1058 3333 1140 3396 banc
1156 3333 1259 3418 legem
1274 3357 1327 3398 ro·

144 3445 254 3526 getam
277 3441 315 3504 de
339 3437 443 3502 tribus
467 3438 642 3502 viatoribus
676 3442 747 3517 (77)
772 3437 911 3500 viatores
935 3437 1053 3501 habere
1077 3461 1200 3503 sumere
1223 3440 1329 3503 solitei

144 3552 238 3620 sunt3
268 3546 376 3629 itaque
405 3545 444 3608 de
476 3544 520 3606 eis
549 3547 703 3626 quattuor
733 3541 803 3623 (77)
827 3542 1035 3624 praeconibus
1065 3547 1215 3626 quaestor
1238 3545 1328 3627 quei·

145 3673 304 3734 quomque
320 3649 382 3713 erit
396 3669 565 3732 praecones
583 3649 701 3712 sumito
718 3648 789 3729 (¹³)
805 3646 934 3725 habeto,
955 3647 1020 3712 utei
1037 3654 1111 3712 ante
1127 3649 1209 3713 hane
1224 3647 1329 3733 legem

146 3760 292 3839 rogatam
321 3755 360 3819 de
390 3753 494 3818 tribus
525 3753 732 3837 praeconibus
763 3753 835 3829 (¹⁴)
867 3774 1035 3836 praecones
1066 3752 1184 3817 habere
1207 3776 1331 3817 sumere

146 3858 252 3924 solitei
275 3864 360 3923 sunt.
406 3857 550 3942 Itemque
583 3859 628 3922 eis
658 3857 834 3922 uiatoribus
858 3857 928 3939 (77)
954 3857 1172 3940 praeconibus,
1196 3860 1268 3942 quei
1292 3880 1330 3922 ex

148 3964 208 4028 hac
231 3964 303 4048 lege
330 3965 419 4028 lectei
443 3967 546 4039 erunt,
572 3963 725 4026 vicarium
742 3963 817 4025 dare
835 3961 904 4045 (77)
921 3962 1055 4025 subdere
1070 3963 1119 4025 ius
1136 3967 1203 4027 estc
1218 3961 1329 4026 liceto-

147 4091 217 4154 que,
251 4069 317 4133 utei
339 4071 469 4134 cetercis
494 4068 669 4131 viatoribus
695 4066 919 4151 praeconibus,
955 4066 1025 4151 (²¹)
1050 4088 1113 4149 qua
1139 4068 1170 4130 in
1195 4067 1331 4150 quisque

146 4175 273 4240 decuria
302 4178 363 4248 est,
394 4174 547 4238 vicarium
579 4174 654 4237 dare
686 4173 821 4236 subdere
853 4173 925 4236 iuus
957 4172 1018 4235 erit
1042 4172 1114 4254 (77)
1139 4171 1330 4255 licebitque;

147 4280 285 4362 itemque
308 4280 520 4363 quaestor(es)
543 4278 584 4341 ab
608 4278 653 4340 eis
678 4277 813 4341 vicarios
837 4276 1026 4359 accipiunto,
1053 4275 1125 4359 (77)
1143 4276 1208 4339 utei
1226 4298 1264 4338 aa
1280 4298 1331 4339 ce-

147 4384 242 4449 tereis
266 4383 442 4447 viatoribus
466 4382 674 4466 praeconibus
698 4381 832 4444 vicarios
857 4381 974 4464 accipei
999 4384 1068 4465 (77)
1093 4381 1262 4464 oportebit.
1286 4393 1332 4444 (κ’)
