2992 5040
334 1031 400 1120 EX
425 1031 772 1122 Pulnrluroun
798 1032 1047 1123 EDITIONIS
1075 1030 1346 1123 SECUNDAE.

329 1408 378 1518 ln
400 1455 586 1521 adornanda
610 1454 704 1519 huius
726 1455 922 1520 collectionis
946 1478 1028 1519 nova
1051 1455 1189 1519 editione
1212 1451 1330 1536 prioris
1354 1451 1427 1515 lun·

250 1586 407 1665 dumento,
433 1609 491 1651 usn
515 1586 730 1670 comprobata,
755 1587 919 1650 retinenda
941 1587 1063 1663 censui;
1088 1590 1227 1650 ceterum
1251 1584 1283 1648 id
1307 1584 1369 1669 egi,
1392 1587 1429 1647 ut

250 1709 392 1775 addendo
424 1715 456 1774 ct
488 1710 683 1774 emendando
714 1709 805 1793 qnasi
834 1709 981 1772 manuale
1004 1708 1161 1792 quoddam
1185 1706 1326 1771 fontium
1349 1704 1427 1770 iuris

251 1833 376 1916 antiqui
407 1854 506 1917 usqne
538 1832 576 1895 ad
609 1833 767 1896 saeculum
801 1833 931 1896 tertium
956 1855 986 1915 p.
1010 1831 1084 1896 Chr.
1109 1854 1140 1895 n.
1164 1851 1248 1894 nunc
1271 1851 1425 1914 pararem.

251 1951 381 2018 Retinui
404 1956 506 2038 igitur
528 1954 625 2019 trium
650 1955 789 2038 partium
808 1954 1066 2037 dispositionem:
1091 1955 1197 2038 legum
1214 1952 1427 2037 negotiorum,

250 2076 450 2159 scriptorum.
497 2077 618 2142 Earum
642 2084 748 2143 autem
772 2079 803 2142 in
829 2079 975 2162 primam,
1001 2083 1127 2161 praeter
1143 2077 1249 2162 legum
1266 2076 1428 2159 regiarum

250 2203 282 2261 et
305 2195 366 2262 XII
390 2200 571 2265 tabularum
602 2202 768 2286 reliquias,
800 2223 885 2265 nnnc
910 2201 1012 2286 leges,
1046 2222 1127 2284 qnae
1150 2198 1278 2284 proprie
1302 2196 1349 2263 sic
1371 2219 1428 2281 ap·

251 2320 463 2404 pellabantur,
494 2345 602 2387 omnes
625 2325 755 2389 omnino
778 2325 896 2407 recepi,
931 2346 1066 2407 quarum
1090 2321 1186 2387 verba
1209 2320 1351 2406 genuina
1373 2323 1430 2384 aut

250 2442 512 2526 inscriptionibus
542 2451 598 2510 aut
630 2446 721 2510 libris
752 2446 843 2509 nobis
866 2445 988 2508 tradita
1011 2450 1101 2523 sunt,
1136 2450 1171 2508 ut
1194 2464 1258 2509 uno
1281 2443 1374 2527 quasi
1396 2444 1429 2507 in

249 2568 418 2647 conspectu
442 2568 577 2649 perspici
601 2571 696 2651 atque
719 2562 803 2631 inter
825 2590 859 2629 sc
877 2569 1055 2650 comparari
1072 2567 1209 2651 possint;
1234 2567 1429 2651 eandemque

251 2693 376 2751 secutus
407 2689 564 2754 rationem
596 2690 693 2754 etiam
726 2695 855 2754 senatus
886 2689 1031 2753 consulta
1063 2690 1179 2765 omnia,
1213 2710 1294 2772 quac
1317 2689 1358 2753 ad
1379 2688 1429 2753 ius

252 2811 421 2893 pertinent,
446 2810 554 2874 adieci.
603 2811 629 2874 E
653 2812 764 2876 ceteris
787 2819 916 2878 senatus
933 2813 1087 2878 consultis
1107 2814 1247 2897 itemque
1263 2836 1301 2877 ex
1318 2813 1429 2877 edictis

251 2933 427 3017 privilegiis
450 2936 577 2998 nonnisi
600 2938 789 3020 gravissima
812 2959 964 3021 quaeque,
990 2938 1107 3000 artiore
1126 2935 1252 2998 vinculo
1272 2956 1344 3000 cum
1360 2935 1429 3000 iure

250 3055 428 3133 coniuncta,
453 3057 566 3140 recepi.

339 3177 415 3242 Pars
439 3173 574 3244 secunda
597 3181 705 3251 omnia
724 3204 807 3246 nunc
823 3180 967 3246 continet
982 3180 1122 3263 negotia,
1147 3202 1228 3265 quae
1245 3180 1429 3264 inscriptio·

251 3302 345 3364 nibus
376 3302 468 3365 nobis
492 3302 610 3367 tradita
633 3308 709 3366 sunt
731 3327 832 3388 usqne
855 3304 895 3368 ad
918 3304 1078 3368 saeculum
1103 3305 1243 3369 tertium.
1294 3303 1430 3367 Additac

251 3427 327 3486 sunt
349 3422 515 3489 titulorum
539 3427 737 3508 quorundam
765 3425 988 3511 sepulcralinrn
1012 3433 1119 3509 partes
1143 3427 1182 3490 ad
1206 3427 1254 3491 ins
1278 3426 1428 3512 negotia·

254 3567 314 3629 que
337 3545 442 3610 civilia
465 3552 653 3630 spectantes.

336 3667 444 3733 'l'ertia
466 3691 540 3753 pars
563 3677 649 3734 certa
672 3672 794 3734 ratione
818 3671 975 3754 certisque
1000 3670 1118 3733 linibus
1142 3669 1359 3735 circumscribi
1375 3671 1430 3734 vix

251 3796 365 3875 potest.
412 3789 587 3875 Scriptores
610 3792 689 3855 iuris
711 3791 873 3856 consultos
898 3814 1026 3875 prorsus
1042 3791 1144 3869 omisi,
1169 3813 1241 3855 curu
1256 3791 1429 3875 separatim

254 3914 330 3978 editi
362 3914 427 3978 sint
459 3916 491 3978 in
515 3914 671 3979 Husclrkii
701 3915 951 3998 iurisprudentia
975 3913 1234 3978 anteinstiniaua.
1281 3913 1332 3978 Ex
1355 3913 1430 3978 reli-

253 4039 324 4121 quis
348 4043 453 4101 autem
477 4036 659 4101 auctoribus
682 4038 867 4102 remotiores
885 4042 1011 4101 tantum
1027 4037 1188 4121 exscripsi,
1206 4038 1261 4122 qui
1277 4037 1429 4102 maiorem

253 4161 411 4246 quandam
444 4161 477 4223 in
510 4161 589 4224 iuris
621 4161 764 4225 doctrina
788 4161 909 4224 habent
932 4160 1163 4226 auctoritatem.
1212 4160 1333 4238 Quodsi
1355 4180 1430 4224 vcro

255 4284 325 4367 quis
349 4283 451 4359 dicat,
482 4284 578 4347 etiam
602 4283 681 4347 alios
705 4284 801 4347 fuisse
826 4282 1034 4365 recipiend0S,
1068 4281 1186 4346 aliosve
1209 4303 1247 4346 ex
1270 4283 1308 4345 iis
1333 4281 1431 4347 fuisn
