2992 5040
427 343 482 400 Iex
502 344 632 401 Cornelia
650 344 685 399 de
705 341 756 398 XX
775 343 976 413 quaestoribus.
1249 346 1291 410 91

115 530 167 577 taor
183 520 404 591 promptiones
432 535 513 586 quom
530 518 595 587 lepis
611 521 698 588 ipsius
714 520 793 587 tuens
811 522 973 574 continuisse
991 523 1048 574 ucri
1064 522 1229 576 simillimum
1246 529 1292 577 cst.

116 610 173 664 lacu
195 610 257 678 spru
279 609 350 662 binas
368 607 500 661 columnas
516 612 630 660 onorata
648 613 702 674 est,·
729 609 821 676 cupita
838 609 878 660 ita
895 607 1021 662 distinctu
1040 615 1117 671 eunt,
1142 615 1173 662 ut
1189 611 1294 677 primus

115 699 222 766 qunque
240 695 409 763 mapulmum
427 695 545 763 cupitum
562 711 654 750 omnes
670 697 701 750 in
719 695 827 750 tabulae
844 697 991 765 nsarpiucm
1009 696 1080 749 mnes
1096 696 1137 749 uel
1150 698 1232 751 urnas
1250 697 1292 751 lu·

114 785 174 838 reru
193 784 363 852 prornincnt,
392 783 440 849 qui
461 781 595 835 scribendi
618 782 713 837 modus
735 783 797 836 inde
821 783 856 836 ab
880 782 930 836 illc
947 788 1034 837 nemu
1051 784 1081 836 iu
1098 783 1295 852 montensem

115 871 297 924 Romaswncm
316 868 416 938 kpibus
434 868 588 922 obseruatus
606 876 651 924 cst.
690 870 787 939 Capito
804 871 834 923 (π
852 871 903 924 boc
921 870 977 940 lcpc
994 886 1050 924 non
1067 877 1252 926 numerantur.

116 1044 216 1129 (VIII
240 1046 279 1110 de
302 1043 362 1109 XX
386 1045 647 1130 q(uaestoribus).
671 1047 741 1130 ω)
796 1097 1293 1113 ..........

136 1151 329 1234 principium
352 1150 426 1227 fuit,
451 1173 509 1234 pro
533 1151 645 1235 tribu(
678 1201 685 1215 .
732 1204 738 1217 .
788 1202 794 1216 .
843 1203 849 1215 .
897 1150 1037 1238 [prim
1057 1152 1161 1238 ‚scivit]

114 1255 160 1338 (¹)
195 1303 385 1320 ........
421 1254 490 1339 [ud]
528 1255 757 1338 q(uaestoreml
794 1257 997 1335 urb(anuml,
1030 1256 1102 1341 quei
1137 1256 1294 1321 aerarium
1307 1263 1326 1315 Ι.

113 1359 310 1443 provinciam
344 1359 520 1443 optinebit,
554 1381 623 1424 eam
657 1361 705 1441 (¹)
729 1361 903 1425 mercedem
928 1361 1060 1439 defertu,
1085 1365 1296 1446 quaestorque

114 1465 185 1547 quei
211 1464 369 1528 aerarium
395 1462 593 1546 provinciam
617 1464 665 1546 (3)
689 1465 855 1547 optinebit,
879 1488 947 1529 earn
970 1465 1142 1549 pequuiam
1166 1466 1195 1530 ei
1217 1467 1295 1530 scri·

113 1570 171 1634 bae
194 1568 390 1652 scribeisque
423 1567 571 1631 heredire
596 1567 646 1652 (⁴)
669 1570 735 1633 eius
759 1569 891 1646 solvito,
924 1569 1020 1653 idque
1042 1569 1072 1633 ei
1095 1569 1163 1636 sine
1186 1571 1296 1635 frande

113 1697 169 1738 sua
192 1672 298 1737 facere
320 1672 431 1750 liceto,
466 1674 550 1756 quod
582 1672 632 1757 (⁵)
656 1674 724 1738 sine
747 1674 831 1738 malo
855 1675 1030 1759 pequlatun
1053 1675 1121 1750 fiat,
1144 1675 1296 1758 olleisque

112 1776 297 1841 hominibus
320 1798 388 1841 eam
413 1780 460 1857 (3)
486 1778 657 1861 pequninm
681 1800 793 1861 capere
817 1779 918 1844 liceto.
941 1799 988 1844 ω

200 1884 250 1967 (3)
275 1880 486 1966 Go(n)s(ules)
511 1883 585 1966 quei
607 1878 691 1946 nunc
707 1887 790 1957 sunt,
815 1884 856 1947 iei
872 1889 947 1948 ante
961 1884 993 1947 k.
1013 1883 1214 1948 Decembreis
1229 1885 1295 1966 pri·

112 2010 179 2052 mas
208 1989 248 2052 de
270 1987 331 2064 eis,
366 1986 439 2070 quei
472 1989 518 2068 (⁸)
543 1987 626 2051 cives
650 1985 803 2051 Romanei
827 1993 921 2064 sunt,
950 1989 1102 2052 viatorem
1128 2011 1227 2052 unum
1250 1987 1296 2052 le-

114 2098 227 2176 gunto,
258 2091 331 2175 quei
355 2093 388 2154 in
414 2091 463 2173 (3)
487 2114 524 2155 ea
546 2091 675 2155 decuria
697 2093 801 2155 viator
824 2097 984 2176 appareat,
1016 2114 1111 2176 quam
1136 2092 1295 2156 decuriam

114 2198 274 2260 viatorum
311 2201 382 2276 (¹⁰)
407 2219 444 2259 ex
467 2197 579 2260 noneis
603 2193 831 2260 Decembribus
858 2196 987 2280 primeis
1010 2195 1233 2278 quaestoribus
1256 2197 1296 2259 ad

114 2304 272 2366 aerarium
300 2306 328 2382 (¹
342 2301 370 2385 ¹)
394 2324 549 2386 apparere
572 2305 699 2385 oportet
722 2301 891 2384 oportebit.
938 2298 1113 2382 Eidemque
1135 2320 1197 2363 cos.
1222 2305 1296 2363 ante

115 2406 144 2470 lr.
168 2406 335 2470 Decembr.
363 2405 435 2487 (¹¹)
460 2407 579 2488 primas
603 2405 641 2470 de
664 2405 718 2481 eis,
743 2405 815 2487 quei
833 2404 915 2468 aives
933 2403 1084 2468 Romanei
1101 2408 1186 2479 sunt,
1204 2426 1295 2486 prae·

115 2532 222 2574 conem
247 2532 345 2573 unum
371 2511 442 2590 (¹³)
468 2510 610 2593 legunto,
634 2509 706 2592 quei
730 2509 763 2572 in
786 2530 823 2573 ea
846 2508 973 2572 decmia
995 2530 1108 2592 praeco
1132 2513 1294 2592 appareat,

118 2637 212 2697 equum
236 2616 306 2697 (¹⁴)
331 2613 492 2678 decuriam
514 2635 705 2697 praeconum
729 2635 766 2676 ex
783 2613 893 2677 noneis
911 2613 1138 2678 Decembribus
1163 2612 1295 2696 primeis

117 2720 185 2799 (33)
209 2718 434 2802 quaestoribus
458 2718 497 2781 ad
514 2719 672 2782 aerarium
696 2740 849 2800 apparere
869 2717 1038 2801 oportebit.
1086 2720 1158 2800 (33)
1176 2717 1297 2782 Deinde

116 2823 213 2887 eidem
237 2823 412 2904 consul(es)
438 2828 513 2887 ante
538 2822 569 2886 lr.
587 2822 789 2886 Decembreis
806 2823 924 2905 primas
941 2825 1094 2888 viatorem
1111 2822 1140 2907 (¹
1152 2825 1181 2905 ¹)
1201 2845 1298 2887 unum

117 2928 257 3012 legunto,
282 2928 355 3011 quei
380 2928 413 2991 in
438 2950 475 2990 ea
490 2927 617 2990 decuria
634 2929 736 2990 viator
751 2931 913 3010 appareat,
938 2950 1033 3012 quam
1051 2932 1078 3008 (¹
1090 2930 1121 2999 3)
1137 2927 1295 2992 decuriam

119 3035 276 3098 viatorum
303 3056 340 3097 ex
366 3033 476 3096 noneis
498 3030 728 3096 Decembribus
753 3031 914 3095 secundeis
931 3033 1003 3115 (33)
1020 3031 1242 3117 quaestoribus
1259 3031 1296 3094 ad

116 3141 273 3204 aerarium
297 3160 454 3222 apparere
477 3143 605 3221 oportet
628 3137 797 3221 oportebit.
845 3136 914 3221 (33)
940 3137 1115 3221 Eidemque
1137 3157 1199 3199 cos.
1224 3141 1299 3199 aute

116 3245 145 3306 k.
172 3243 373 3308 Decembreis
405 3242 524 3326 primns
555 3264 741 3325 praeconem
771 3243 841 3325 (¹¹)
865 3264 964 3306 unum
988 3242 1136 3326 legunto,
1169 3239 1242 3323 quei
1265 3239 1299 3303 in

115 3372 151 3412 ea
173 3349 302 3413 decuria
324 3368 439 3431 praeco
464 3353 628 3430 appareat,
653 3369 750 3430 quam
775 3346 847 3427 (¹¹)
870 3347 1029 3410 decuriam
1053 3366 1244 3429 praeconum
1260 3366 1299 3407 ex

116 3454 224 3518 noneis
257 3450 486 3516 Decembribus
518 3450 680 3514 secundeis
716 3453 785 3525 (¹³)
816 3450 1039 3535 quaestoribus
1070 3450 1109 3513 ad
1139 3448 1298 3513 aerarium

116 3579 268 3642 apparere
290 3561 419 3640 oportet
442 3556 611 3638 oportebit.
659 3555 727 3640 (²¹)
753 3553 875 3619 Deinde
897 3555 997 3619 eidem
1013 3575 1076 3618 cos.
1093 3557 1168 3617 ante
1184 3552 1214 3615 k.
1232 3551 1297 3615 De·

116 3661 267 3726 cembreis
300 3661 419 3744 primas
448 3660 601 3724 viatorem
629 3661 700 3745 (33)
727 3683 824 3724 unum
848 3661 995 3744 legante,
1029 3661 1102 3745 quei
1125 3659 1158 3722 in
1183 3681 1221 3722 ea
1244 3658 1298 3722 de·

116 3767 201 3830 curia
225 3766 332 3828 mator
356 3767 518 3847 appareat,
543 3764 613 3846 (33)
639 3787 734 3848 quam
758 3764 919 3830 decuriam
943 3763 1102 3827 viatorum
1126 3786 1163 3826 ex
1188 3762 1298 3827 noneis

117 3868 345 3934 Decembribus
378 3868 500 3931 tertieis
534 3869 603 3951 (33)
636 3868 857 3952 quaestoribus
889 3868 927 3932 ad
957 3869 1113 3932 aerarium
1147 3888 1299 3951 apparere

116 3980 241 4058 oportet
263 3972 433 4058 oportebit.
484 3971 554 4053 (33)
579 3972 756 4057 Eidemque
779 3995 840 4038 cos.
866 3978 942 4037 ante
965 3973 995 4036 lr.
1013 3971 1215 4037 Decembreis
1232 3971 1298 4054 pri-

117 4101 182 4143 mas
205 4099 394 4162 praeconem
418 4074 489 4158 (¹¹¹)
514 4098 611 4139 unum
635 4075 784 4158 legunto,
815 4077 889 4161 quei
920 4078 953 4142 in
976 4100 1013 4141 ea
1035 4077 1162 4141 decuria
1185 4098 1298 4160 praeco

117 4190 276 4267 appareat,
302 4203 397 4265 quam
422 4180 491 4264 (33)
512 4180 670 4245 decuriam
687 4202 878 4263 praeconum
894 4205 932 4246 ex
948 4182 1057 4246 noneis
1070 4180 1298 4244 Decembribus

116 4288 237 4352 tertieis
259 4288 291 4366 (3
302 4290 331 4368 ¹)
349 4286 571 4370 quaestoribus
588 4285 626 4349 ad
644 4285 803 4349 aerarium
819 4307 969 4369 apparere
985 4290 1112 4369 oportet
1127 4285 1297 4369 oportebit.

116 4391 186 4474 (³¹)
209 4391 338 4474 Easque
363 4390 501 4456 viatores
524 4412 641 4475 eosque
663 4410 837 4474 praecones
853 4390 983 4468 omneis,
1008 4411 1087 4474 quos
1104 4412 1141 4454 eo
1158 4388 1227 4473 (33)
1244 4410 1298 4450 or·
