2992 5040
202 296 243 360 52
600 291 688 363 Leges
706 292 824 348 tabulae
843 291 992 349 Bantinos.

149 469 279 551 tutum,
301 490 469 535 censemur
491 467 565 535 esui
569 467 579 505 ¹
610 470 643 532 in
676 468 807 544 rituam,
852 468 965 552 poiznd
988 466 1093 551 lipud²
1113 464 1117 551 Ι
1137 465 1220 532 iosc³
1245 472 1374 532 eenstur

212 575 278 653 erit,
323 581 458 639 censetor
490 574 574 655 ipse¹
606 575 829 656 etpecuniam,
875 596 939 656 oua
1007 573 1069 656 tepe
1156 573 1183 637 e'e'
1247 592 1390 637 censores

201 701 350 745 censuum
396 679 593 764 angetuzdt.⁴
642 680 709 744 Ave
731 679 1050 763 svoepisoenetomen
1072 678 1125 743 nei
1140 676 1274 743 oebnust
1289 675 1389 741 dolud

224 804 343 850 consere
363 783 614 865 proposuerint.⁴
660 786 704 850 At
748 784 850 865 donis
874 783 1271 848 inamaricaverunt
1300 781 1372 846 doto

149 893 192 947 21.
202 887 324 953 mallud
336 886 340 973 1
351 889 386 953 in
398 887 493 953 eizaic
504 888 636 969 vinctor,
646 889 720 953 esuf
732 888 872 953 comonei
888 887 1033 952 lamatir⁶
1100 909 1147 971 pr.
1216 886 1388 951 meddixud

222 993 315 1073 mato,
349 994 460 1058 eteius
475 994 619 1074 uincitur,
636 995 704 1075 ipso
715 994 880 1058 iucornitio
890 991 1387 1075 oazeot⁵pr(aetaris)moprsterio

149 1097 312 1162 meorum
334 1097 516 1183 praesentid
540 1120 652 1183 perum
676 1098 785 1162 dolum
812 1100 817 1179 Ι
844 1096 986 1176 malam,
1009 1099 1042 1161 in
1066 1096 1254 1162 amiricatud
1299 1094 1364 1159 allo

198 1202 317 1284 populo
345 1207 511 1285 praesente
553 1203 622 1266 sine
677 1201 747 1265 doto
859 1203 951 1280 nuato,
1007 1200 1251 1266 etimmereato⁸
1289 1205 1388 1264 odera

149 1308 191 1364 23.
212 1307 330 1373 famelo
359 1309 390 1391 ip
417 1309 531 1392 cistae)
555 1306 690 1386 sivom‚⁷
715 1306 786 1391 paei
809 1307 900 1372 eineis
916 1306 996 1384 fust,
1020 1328 1080 1390 pao
1102 1310 1251 1372 ancensto
1282 1304 1363 1381 fust,

199 1412 328 1490 familia
358 1419 386 1478 et
410 1415 547 1495 pecunia
580 1412 661 1478 tota'
706 1434 786 1495 quae
817 1413 884 1477 eins
915 1413 981 1491 erit,
1015 1433 1095 1494 onae
1115 1412 1243 1475 irecutsa
1284 1398 1381 1485 erit(

201 1517 322 1583 terrico
345 1518 446 1582 estud.
469 1537 516 1584 Ν
756 1526 763 1531 “

199 1621 328 1704 prettica
357 1628 428 1687 esto.

268 1726 327 1809 (ὅ.)
372 1726 424 1794 Pr.
494 1751 568 1794 evoe
590 1729 759 1813 praefusus
782 1727 845 1812 pod
854 1731 928 1812 post
936 1749 1013 1792 exuo
1034 1727 1152 1792 bansae
1166 1725 1243 1802 fust,
1259 1722 1387 1806 svaepis

333 1832 471 1900 Praetor
492 1836 556 1899 sioe
577 1831 757 1915 praefectus
817 1832 951 1915 posthac
1018 1832 1157 1897 Bantiae
1180 1831 1249 1909 erit,
1282 1829 1387 1910 siquis

150 1944 192 1997 24.
223 1958 265 2021 op
294 1937 486 2003 eizois⁸com
507 1936 669 2025 1a[t]tru'd
694 1937 786 2022 ligud
799 1959 891 2002 acum
913 1936 1021 2002 horest
1035 1936 1173 2020 avtipru
1187 1933 1386 1999 medicatud⁹

201 2041 290 2123 apud
324 2039 391 2107 eos⁸
426 2062 496 2107 cum
554 2045 652 2109 attero
709 2044 770 2127 tepc
802 2065 892 2127 opere
929 2044 1006 2108 nolet
1037 2048 1093 2107 aut
1112 2062 1173 2124 pro
1214 2038 1369 2105 iudicato⁰

149 2145 322 2209 tamenim
344 2167 471 2211 osorum
503 2147 649 2212 eieazuno
665 2169 840 2232 egmazum‚
862 2145 867 2233 1
888 2170 944 2231 pas
967 2148 1111 2213 exaisoen
1155 2146 1230 2235 ligis
1256 2144 1387 2210 scrittas

200 2270 331 2315 manen
352 2270 490 2317 asserere
523 2272 633 2316 eorum
699 2272 806 2316 rerum
872 2273 952 2333 quoe
966 2252 1048 2317 tusce
1061 2254 1097 2317 in
1119 2252 1235 2335 lapibus
1245 2252 1385 2332 scriptae

201 2359 257 2432 sot,
292 2377 332 2420 ne
349 2356 454 2438 pim¹⁰
477 2355 627 2441 pruhipid
678 2355 759 2420 mais
791 2356 918 2420 zicolois
942 2355 972 2420 X
994 2356 1153 2421 nesimois.
1199 2353 1281 2420 Svae
1319 2355 1368 2439 pis

200 2465 284 2534 ment,
307 2481 447 2543 nequem
455 2459 653 2542 prohibuerit
674 2461 776 2543 mopis
809 2461 916 2526 diebus
941 2460 977 2524 X
994 2462 1166 2542 proximis.
1231 2460 1269 2525 St
1313 2461 1388 2543 queis

276 2617 302 2682 l)
320 2619 382 2672 esur
400 2616 475 2671 oras
491 2621 516 2669 et
539 2614 644 2669 Umbris
661 2631 724 2680 esee,
743 2615 815 2684 quod
826 2615 927 2671 Latine
945 2615 1013 2685 ipre,
1030 2618 1137 2685 putauit
1149 2617 1295 2672 Buecheler
1317 2615 1384 2682 (tot.

199 2702 260 2772 Ipn.
278 2703 379 2769 tb,40‚·
396 2706 422 2769 4,
429 2706 468 2756 15.
498 2701 534 2754 E.
552 2705 645 2769 13,28.
676 2702 729 2757 Ro.
749 2703 820 2757 Pau.
838 2706 954 2772 30,436)
963 2724 973 2772 ;
999 2704 1202 2760 demonstrativi
1215 2704 1385 2774 pronominis

201 2806 247 2846 eso
259 2790 353 2859 somna
370 2796 409 2845 est
426 2790 565 2859 ampliata.
603 2789 646 2858 Cf.
665 2789 751 2846 Dion.
769 2794 846 2856 9‚36:
863 2796 1032 2860 τιμησάμινοι
1051 2793 1157 2845 πολῖται
1176 2799 1245 2857 σφᾶς
1262 2793 1384 2855 τάὐτοὺς

201 2882 248 2931 καὶ
264 2881 394 2947 χρήματα.
432 2876 528 2931 Minue
543 2877 686 2946 probanda
703 2877 809 2932 ridetur
826 2894 896 2933 nova
909 2879 1013 2949 Lanpii
1024 2880 1210 2949 interpretatio
1229 2877 1293 2945 (Rtt.
1307 2877 1381 2932 Ptu't.

201 2968 324 3034 30296).·
342 2964 407 3021 oeus
422 2986 457 3013 =
475 2982 536 3020 eous
554 2986 590 3013 =
608 2982 671 3020 erue
688 2987 723 3012 =
742 2965 896 3020 heredium.
927 2966 1002 3020 Nam
1019 2973 1050 3021 ut
1062 2974 1164 3022 taceam
1178 2966 1210 3020 de
1217 2966 1384 3035 ptritolopica
1437 3008 1439 3010 .

200 3055 317 3115 ratione,
345 3053 460 3121 orttiquo
485 3052 598 3107 Romuli
619 3054 727 3108 heredia
748 3055 779 3108 in
801 3070 881 3108 canu
899 3054 1023 3109 Banttno
1048 3055 1150 3110 saecuti
1173 3054 1229 3108 VH
1257 3071 1275 3107 a
1293 3053 1385 3107 ceteros

197 3139 330 3209 praedius,
358 3157 427 3209 quae
448 3147 512 3195 enm
536 3143 637 3194 ‘censui
659 3141 805 3208 eannrdo’,
831 3148 958 3212 separata
984 3158 1037 3197 esee
1062 3145 1169 3197 nrirrime
1195 3141 1319 3197 credibile
1337 3145 1385 3194 est.

207 3227 321 3282 Veterem
339 3227 583 3295 interpretationum
606 3227 680 3291 istie,
705 3227 745 3281 ibi
763 3228 838 3283 docte
855 3229 975 3298 defendit
992 3229 1158 3286 Danielsson
1187 3228 1304 3296 (Pauli,
1331 3228 1385 3281 att·

200 3315 257 3368 ital.
278 3313 355 3368 Stud
372 3317 389 3366 3
408 3331 438 3382 p.
459 3318 529 3382 142).
558 3344 592 3353 -
619 3314 647 3383 2)
668 3313 753 3367 licud.
773 3344 806 3354 -
824 3314 853 3380 3)
873 3332 927 3370 aec.
950 3346 984 3356 -
1002 3318 1030 3384 4)
1048 3317 1170 3387 Etymou
1187 3317 1326 3378 incertum,
1346 3331 1385 3367 an

195 3402 360 3470 praepositio
379 3401 498 3467 vinetum
523 3401 727 3469 ‘proposuerint’
746 3403 907 3471 sumpsimus
928 3420 961 3458 ea
979 3404 996 3457 t.
1015 3405 1091 3458 Iutta
1107 3405 1205 3458 mureto.
1226 3420 1253 3457 o.
1272 3405 1331 3456 148.
1350 3431 1383 3441 ·-

202 3492 228 3556 5)
245 3487 362 3541 lamatir
375 3509 409 3534 =
421 3504 517 3542 verium
533 3487 612 3541 detur
629 3493 759 3555 tanquam
774 3489 887 3556 praeda,
908 3507 927 3544 a
944 3489 1002 3554 lav,
1020 3490 1092 3544 uude
1109 3492 1177 3555 λαις,
1196 3493 1267 3554 λεία,
1288 3490 1386 3544 latro?

200 3573 248 3629 Sic
264 3577 294 3628 tn
311 3575 448 3630 devotione
460 3576 529 3629 Osca
548 3574 613 3641 (Ro.
627 3574 701 3628 Pan.
712 3578 802 3644 33,76)
821 3580 873 3633 ut
893 3581 947 3631 et5
965 3576 1161 3632 Rari-lamatir
1180 3584 1211 3633 ut
1229 3580 1259 3631 tu
1273 3577 1385 3632 Graecis

200 3662 383 3717 deuotionibus
410 3667 551 3731 ἀνενέγκαι
577 3668 741 3731 πεπρημένος
767 3668 811 3716 em
836 3666 968 3732 Δάματρα.
996 3664 1133 3720 caedatur
1156 3665 1330 3719 Danielseon.
1350 3694 1385 3703 -

200 3749 227 3818 6)
245 3751 263 3803 i.
284 3766 305 3803 e.
323 3750 382 3805 stne
398 3751 556 3804 outdttone.
575 3778 611 3789 —
631 3752 656 3815 7)
676 3750 701 3804 ei
717 3767 768 3819 per
786 3753 969 3820 compendium
986 3755 1117 3823 seriptum
1133 3769 1183 3822 pro
1202 3753 1287 3808 eituo.
1327 3751 1384 3819 (Of.

199 3855 226 3905 p.
244 3841 280 3890 50
298 3854 324 3890 u.
344 3841 382 3906 3.)
418 3837 520 3902 Sivom,
544 3837 636 3892 Umbr.
655 3854 757 3900 novom,
785 3847 924 3908 eopnatum
944 3857 1003 3895 cum
1022 3841 1085 3895 Lat.
1108 3839 1187 3904 sollo,
1207 3840 1296 3904 salvo,
1315 3840 1384 3893 idern

201 3924 270 3979 valet
295 3925 367 3992 quod
389 3926 490 3979 totum.
530 3924 617 3978 Fac:
647 3920 723 3978 Sollo
747 3924 939 3989 acceduntur,
968 3928 1041 3996 quod
1060 3945 1111 3983 nos
1130 3930 1224 3982 totum
1244 3942 1384 3983 vocamus.

202 4009 347 4066 Structura
365 4012 455 4078 dubia,
474 4018 538 4066 aut:
556 4012 647 4065 eituas
667 4010 757 4066 sivum
771 4033 804 4059 =
817 4019 864 4079 τῆς
883 4018 975 4078 οὐσίας
991 4019 1021 4068 τὸ
1034 4017 1106 4082 tior,
1125 4021 1175 4069 aut
1185 4016 1276 4083 patius
1295 4014 1383 4068 sivom

202 4105 331 4167 tauquam
355 4101 423 4162 ὅλως
451 4099 493 4152 oet
517 4102 546 4151 τὸ
566 4102 629 4152 ὅλον
655 4099 735 4153 lettere
753 4102 929 4156 interiectum.
959 4133 992 4143 —
1018 4105 1045 4173 8)
1063 4105 1082 4157 i.
1102 4121 1123 4158 e.
1142 4103 1218 4172 opud
1230 4108 1385 4170 praetorem

199 4187 401 4255 praesectumoe.
439 4186 572 4255 evae-pod
601 4187 664 4241 Osci
678 4188 815 4256 ponebant
838 4205 891 4258 pro
911 4189 969 4244 sive
993 4191 1027 4260 cs.
1046 4190 1181 4260 evaipoh
1200 4190 1389 4245 indevotione

202 4272 269 4338 (zur.
290 4272 362 4327 Phil.
380 4275 470 4337 33,77)
496 4290 520 4329 u.
537 4277 573 4328 10
591 4281 615 4328 et
632 4279 671 4329 11.
699 4304 733 4315 -
764 4278 792 4344 9)
811 4278 829 4329 e'.
848 4293 869 4330 e.
888 4295 940 4346 pro
958 4277 1117 4334 ioudicatod
1142 4295 1242 4331 manus
1261 4276 1386 4339 iniectio,

203 4367 233 4415 ut
251 4362 281 4414 in
299 4360 316 4414 t.
336 4359 472 4414 Laeuina
491 4361 567 4430 infra
585 4362 664 4416 edita.
686 4392 720 4402 -
743 4363 785 4430 10)
806 4364 892 4432 phim.
