2992 5040
193 313 213 375 6
730 313 835 369 Festus.

191 488 461 572 Consponsor
484 490 681 554 coniurator.
731 491 768 555 P.
793 496 845 554 59.

192 594 279 657 Con
293 614 454 675 eposos
478 595 604 678 antiqui
629 594 777 658 dicebant
800 596 863 660 fide
885 602 998 661 mutua
1021 600 1211 683 conligatos.
1259 599 1298 665 P.
1321 607 1373 664 41.

192 700 215 763 C
227 721 246 763 o
258 723 277 762 n
291 705 412 763 testa
425 702 461 762 ri
491 701 579 765 litem
604 702 755 766 dicuntur
779 703 841 766 duo
866 709 922 767 aut
947 704 1054 786 plures
1078 705 1264 781 adversarii,
1288 707 1373 789 quod

192 805 338 868 ordinato
362 804 477 868 iudicio
501 810 637 889 utraque
652 829 726 888 pars
743 808 845 872 dicere
862 808 958 871 solet:
984 810 1105 875 ‘Testes
1121 813 1242 874 estote'.
1270 811 1309 874 P.
1322 814 1373 875 57.

192 909 413 974 Contestari
437 916 495 987 est,
520 932 592 975 curn
609 918 744 996 uterque
760 936 832 978 reus
849 915 941 978 dicit:
967 914 1088 979 ‘Testes
1105 917 1229 979 estote'.
1267 916 1306 980 P.
1322 920 1372 981 38.

193 1014 348 1078 Contio
378 1015 539 1098 siguificat
562 1023 774 1094 conventum,
805 1041 869 1083 non
895 1024 1001 1083 tamen
1024 1020 1139 1096 alium,
1171 1042 1267 1104 quam
1292 1042 1373 1095 eum,

193 1119 248 1202 qui
272 1119 304 1182 a¹
330 1120 520 1204 magistratu
549 1121 594 1183 rel
620 1145 639 1184 a
662 1123 824 1185 sacerdote
848 1122 992 1205 publioo²
1017 1146 1073 1207 per
1088 1146 1275 1208 praeconem
1298 1147 1374 1190 con·

193 1229 333 1288 vocatur.
381 1227 418 1289 P.
443 1231 495 1290 38.

193 1330 494 1394 Contrarium
519 1355 581 1397 aes,
607 1354 705 1415 graue
729 1357 791 1398 aes.
840 1337 878 1399 P.
905 1342 954 1399 64.

193 1435 459 1500 Conventae
489 1439 701 1502 condicio
733 1440 911 1517 dicebatur,
947 1464 1018 1505 cunr
1049 1443 1170 1524 primus
1201 1464 1305 1506 sermo
1338 1442 1375 1504 de

193 1541 313 1623 nuptiis
337 1546 368 1603 et
390 1563 499 1605 earum
522 1544 705 1608 condicione
728 1545 919 1613 habebatur.
971 1550 1004 1611 P.
1021 1554 1074 1615 62.

193 1643 461 1710 Conventus
495 1654 649 1730 quattuor
680 1651 782 1714 modis
813 1652 1030 1736 intellegitur:
1065 1691 1104 1701 -
1131 1653 1228 1717 tertio
1261 1675 1375 1717 cuma

194 1751 436 1831 magistratibus
459 1753 568 1816 iudicii
592 1776 687 1818 causa
711 1756 849 1839 populus
873 1764 1098 1842 congregatur.
1147 1759 1183 1823 P.
1208 1763 1260 1821 41.

192 1855 288 1920 Cum
312 1858 497 1940 imperio
525 1864 587 1922 est
614 1860 779 1924 dicebatur
803 1863 886 1944 apud
911 1864 1069 1946 antiquos,
1093 1864 1144 1927 cui
1167 1861 1374 1926 nominatim⁸

193 1984 212 2023 a
234 1962 352 2045 populo
375 1964 513 2026 dabatur
537 1965 716 2048 imperium.
753 1968 847 2030 Cum
873 1968 1104 2051 potestate‘
1128 1972 1186 2032 est
1208 1967 1377 2032 dicebatur

193 2067 231 2130 dc
254 2089 301 2145 eo,
326 2069 381 2152 qui
405 2092 424 2132 a
448 2069 567 2152 populo
592 2071 687 2133 alicui
711 2073 842 2156 negotio
866 2072 1135 2155 praeficiebatur⁶.
1184 2072 1221 2135 P.
1245 2077 1298 2136 ὅθ.

192 2170 281 2235 Cum
308 2174 455 2256 populo
480 2196 599 2259 agere
630 2174 689 2238 hoc
714 2174 778 2239 est⁶
811 2178 963 2261 populum
988 2178 1028 2242 ad
1051 2176 1218 2242 concilium
1243 2184 1300 2241 aut
1322 2198 1376 2241 co·

192 2279 283 2342 mitia
310 2301 429 2343 vocare.
481 2281 516 2343 P.
542 2286 594 2344 50.

193 2383 426 2447 Curatores
450 2384 610 2459 dicuntur,
628 2386 683 2468 qui
700 2386 832 2468 pupillis
850 2387 918 2451 loco
934 2392 1076 2449 tutorum
1094 2386 1227 2462 dantum
1244 2386 1312 2450 sive
1327 2384 1377 2449 illi

194 2491 247 2573 qui
272 2491 317 2554 rei
340 2490 569 2553 frumentariae
593 2489 737 2572 agrisve⁷
760 2491 938 2555 dividendis
955 2491 1128 2575 praepositi
1144 2493 1228 2555 sunt.
1267 2490 1305 2552 P.
1321 2494 1374 2553 48.

194 2594 331 2659 Curia
363 2594 451 2658 locus
481 2601 544 2672 est,
580 2596 633 2657 ubi
665 2596 809 2677 publicas
842 2617 934 2659 curas
957 2594 1123 2679 gerebant.
1169 2592 1376 2659 Calabra⁸

193 2702 317 2764 curia
341 2699 521 2776 dicebatur,
553 2701 608 2763 ubi
633 2705 759 2764 tantum
784 2703 866 2764 ratio
889 2723 1051 2765 sacrorum
1075 2701 1256 2784 gerebatur.
1302 2697 1377 2764 Cu·

194 2806 283 2869 riae
306 2805 403 2867 etiam
426 2805 647 2882 nominantur,
671 2805 704 2868 in
728 2806 846 2889 quibus
870 2806 1118 2889 uniuscuiusque
1141 2805 1241 2888 partis
1265 2801 1377 2887 populi

195 2909 331 2973 Romani
354 2909 431 2993 quid
454 2911 588 2994 geritur,
613 2911 723 2992 quales
746 2916 822 2973 sunt
845 2911 914 2988 hae,
938 2911 970 2973 in
995 2932 1074 2994 quas
1095 2909 1251 2974 Romulus
1272 2930 1377 2991 popu·

194 3016 260 3079 lum
277 3016 450 3093 distribuit,
472 3038 605 3080 numero
622 3016 769 3101 triginta,
787 3016 903 3099 quibus
920 3019 1030 3098 postea
1046 3016 1173 3079 additae
1188 3017 1264 3078 sunt
1279 3013 1376 3097 quin·

194 3143 265 3205 que,
289 3121 336 3183 ita
359 3126 394 3183 ut
418 3121 451 3184 in
476 3143 534 3183 sua
556 3121 691 3204 quisque
714 3121 803 3184 ouria
825 3142 914 3183 sacra
938 3121 1065 3202 publica
1081 3121 1200 3185 facerat
1215 3118 1377 3204 feriasque

194 3227 391 3302 observaret,
426 3227 546 3311 iisque⁰
575 3228 672 3291 curiis
699 3227 836 3311 siugulis
867 3227 998 3290 nomina
1020 3225 1189 3290 Curiorum
1211 3223 1376 3309 virgiuum

191 3334 332 3417 inposita
356 3355 422 3397 esse
445 3334 610 3410 dicuntur,
643 3356 722 3416 quas
746 3334 886 3416 virgines
911 3333 1072 3416 quondam
1097 3328 1232 3393 Romani
1255 3328 1294 3392 de
1317 3325 1376 3391 Sa·

193 3438 278 3502 binis
304 3443 486 3520 rapuerunt.
539 3439 574 3500 P.
596 3443 648 3503 49.

190 3543 218 3607 C
232 3567 250 3607 u
265 3545 300 3606 ri
315 3544 354 3606 al
368 3566 425 3615 es,
451 3544 588 3607 eiusdem
613 3542 729 3619 curiae,
755 3552 790 3605 ut
807 3543 942 3607 tribules
965 3548 997 3605 et
1013 3537 1233 3622 municipes¹⁰.
1270 3539 1308 3602 P.
1325 3542 1376 3602 49.

196 3648 219 3712 C
232 3672 252 3712 u
263 3650 299 3711 ri
316 3672 334 3711 a
347 3648 356 3712 l
369 3670 412 3710 es
436 3647 567 3711 flami
582 3671 602 3711 u
615 3672 631 3711 e
644 3669 659 3710 s
682 3649 842 3712 curiarum
868 3648 1055 3711 sacerdotes,
1105 3647 1141 3708 P.
1165 3648 1216 3709 64.

196 3753 252 3817 Cu
266 3776 281 3817 r
293 3754 303 3816 i
316 3776 334 3816 ο
349 3775 368 3816 ιι
381 3754 423 3816 ia
446 3775 546 3827 sacra,
571 3775 653 3838 quae
677 3755 710 3816 in
736 3754 832 3817 curiis
856 3753 986 3817 fiebant.
1038 3751 1073 3814 P.
1098 3753 1151 3814 02.

191 3857 251 3922 Cn
265 3858 300 3921 ri
314 3879 332 3920 o
346 3859 388 3921 ni
402 3881 420 3921 u
436 3881 465 3921 m
490 3880 542 3923 aes
565 3859 739 3934 dicebatur,
766 3860 849 3942 quod
874 3860 1012 3923 dabatur
1035 3856 1187 3920 curioni¹¹
1210 3855 1251 3918 ob
1272 3875 1377 3918 sacer·

196 3963 317 4027 dotium
342 3965 537 4029 curionatus.
586 3966 623 4029 P.
648 3970 700 4028 49.

267 4137 293 4203 1)
311 4154 328 4189 a
346 4154 396 4191 om.
414 4138 485 4190 libri.
513 4168 545 4176 -
570 4139 597 4205 2)
617 4136 730 4205 buplico
751 4136 791 4189 Μ.
823 4169 853 4176 -
881 4137 908 4204 3)
926 4135 1105 4189 nominatum
1127 4133 1156 4187 Y.
1181 4165 1213 4175 —
1233 4133 1259 4191 u
1279 4134 1319 4186 sic
1341 4132 1366 4185 Τ
1370 4152 1378 4196 ,-

195 4241 257 4278 cum
275 4227 387 4293 potesta
407 4224 451 4283 M.
481 4227 654 4293 compoteeta
674 4224 708 4277 G.
738 4256 770 4263 —
791 4227 818 4292 5)
836 4222 1051 4294 praeferebatur
1071 4223 1141 4275 libri.
1165 4252 1195 4262 —
1214 4221 1244 4289 t)
1263 4224 1307 4275 est
1326 4221 1379 4276 hoc

195 4316 238 4367 est
256 4313 328 4367 libri.
351 4343 378 4351 -
400 4314 426 4379 7)
447 4313 490 4366 vel
510 4313 542 4366 G.
566 4342 595 4351 ·-
615 4312 643 4378 8)
662 4311 779 4366 calabra
798 4313 869 4366 libri.
893 4342 923 4351 -
943 4311 970 4378 9)
990 4309 1086 4379 hisque
1106 4310 1177 4362 libri.
1199 4337 1229 4347 -
1251 4306 1295 4376 10)
1315 4324 1378 4361 mu·

196 4399 288 4469 uiceps
307 4400 346 4453 Μ.
368 4430 400 4439 -
421 4402 465 4467 ll)
483 4399 579 4454 euroni
600 4400 634 4452 (l.
