2992 5040
226 287 273 352 34
770 284 874 339 Festus.

230 487 342 531 ossum
365 486 490 550 quoque
514 465 631 529 raudus
654 463 818 548 appellant
840 472 952 549 poetse
975 503 1026 531 -.
1075 464 1199 551 Vulgus
1227 468 1355 552 quidem
1378 471 1410 534 in

231 594 290 637 usu
323 572 435 636 habuit
467 592 529 634 non
553 571 647 634 modo
670 591 728 653 pro
751 592 822 634 aere
846 569 1031 655 inperfecto,
1059 607 1099 621 ·-
1124 573 1179 637 sed
1206 574 1321 638 etiam¹
1344 575 1410 660 sig·

231 682 317 756 nato,
341 679 417 762 quie
440 677 471 739 in
496 675 717 760 mancipando,
740 698 813 739 cum
828 676 945 740 dicitur
961 676 1144 741 ‘rudusculo
1161 678 1278 743 libram
1294 680 1410 756 ferito,

231 804 300 847 esse
323 782 469 867 tangitur
492 780 585 846 libro.
610 817 652 827 -
676 780 715 844 F.
741 786 821 846 266.

232 885 417 972 Rogatio
440 893 504 965 est,
537 909 607 951 cum
632 886 767 970 populus
791 885 968 950 consulitur
991 888 1028 951 de
1054 909 1116 951 uno
1138 889 1325 972 pluribusve
1348 888 1407 954 ho·

233 992 386 1068 minibus,
417 993 501 1077 quod
534 1014 598 1056 non
622 993 662 1057 ed
685 992 789 1056 omnis
813 993 987 1075 pertineat,
1023 999 1055 1058 et
1078 994 1116 1058 de
1139 1016 1202 1057 une
1226 994 1411 1078 pluribusve

232 1097 336 1174 robus,
367 1097 546 1182 dequibus
577 1119 641 1160 non
666 1096 813 1161 omnibus
837 1097 1015 1161 sanciatur:
1047 1120 1120 1162 nam
1145 1101 1228 1184 quod
1252 1101 1286 1164 in
1311 1101 1415 1166 omnis

232 1201 376 1266 homines
406 1225 494 1267 resve
525 1203 661 1287 populus
691 1200 825 1281 scivit¹‚
857 1203 906 1266 lex
929 1203 1117 1286 appellatur.
1164 1205 1278 1290 Itaque
1301 1206 1414 1270 Gallus

236 1308 345 1373 Aelius
368 1307 430 1372 ait:
455 1308 551 1372 ‘inter
576 1308 679 1393 legem
705 1313 737 1373 et
752 1309 952 1394 rogationem
975 1307 1036 1372 hoc
1050 1311 1200 1373 interest:
1224 1311 1351 1394 rogatio
1367 1314 1415 1372 est

232 1434 333 1495 getius
357 1413 454 1499 legis:
484 1435 565 1498 quse
589 1413 650 1492 lex,
677 1433 741 1477 non
765 1414 916 1478 continuo
939 1435 976 1478 eu
999 1417 1124 1500 rogatio
1145 1419 1209 1488 est:
1242 1414 1413 1499 [repotio³]

233 1539 298 1581 non
314 1522 420 1601 potest
435 1540 499 1583 non
517 1541 584 1584 esse
601 1518 660 1597 lex,
677 1519 704 1582 si
717 1518 810 1584 modo
824 1519 916 1584 iustis
928 1519 1065 1583 comitiis
1077 1525 1192 1605 rogata
1202 1521 1271 1584 est'
1288 1519 1330 1584 F.
1337 1523 1413 1585 266.

235 1621 437 1707 Rupitiss
461 1625 492 1688 in
516 1623 595 1690 XII*
620 1623 780 1710 significat
803 1625 953 1688 domnum
977 1625 1106 1688 dederit.
1152 1624 1193 1688 F.
1215 1630 1292 1690 265.

234 1726 344 1792 lluts
376 1749 499 1793 caesa
531 1729 695 1803 dicuntur,
729 1752 810 1814 quae
843 1730 989 1794 venditor
1021 1730 1228 1814 possessionis
1257 1731 1307 1793 sui
1335 1750 1410 1794 usus

232 1832 339 1917 gratio
360 1834 498 1898 concidit
522 1836 704 1919 ruendoque
726 1835 893 1901 extraxitl.
943 1835 980 1899 F.
1004 1840 1085 1899 262.

232 1934 371 2004 Socer
403 1961 494 2003 mons
524 1940 706 2024 appellatur
735 1945 824 2005 trans
849 1942 1019 2018 Anienem,
1053 1939 1148 2023 paulo
1171 1939 1258 2003 ultro
1280 1940 1411 2020 tertium

233 2043 416 2120 miliarium,
440 2044 523 2128 quod
548 2066 619 2109 eum
643 2045 762 2129 plebes,
786 2068 857 2111 cum
880 2045 1059 2110 secessisset
1084 2044 1274 2129 apetribus‚
1298 2045 1411 2108 creetis

232 2147 399 2232 trlibunis)
427 2147 527 2234 plebis
551 2151 606 2234 qui
630 2151 691 2215 sibi
715 2156 820 2215 essent
843 2151 972 2229 auxilio,
997 2150 1191 2214 discedentes
1214 2146 1283 2212 Iovi
1301 2169 1411 2213 conse·

232 2260 410 2319 creverunt.
461 2256 504 2319 At
532 2256 628 2319 homo
658 2275 746 2318 sooer
769 2256 796 2317 is
819 2259 884 2332 eet,
917 2275 1011 2338 quem
1033 2252 1172 2337 populus
1194 2253 1350 2318 iudicavit
1372 2254 1411 2317 ob

232 2358 441 2435 maleficium
468 2381 569 2444 neque
592 2360 641 2424 los
664 2365 713 2424 est
738 2381 809 2424 eum
826 2359 997 2436 immolari,
1019 2357 1073 2421 sed
1089 2358 1144 2441 qui
1160 2358 1285 2438 occidit,
1309 2357 1411 2440 purri-

232 2463 293 2527 cidi
316 2486 380 2529 non
404 2464 604 2541 damnetur⁶3
629 2486 703 2529 nem
721 2465 791 2549 lege
808 2463 982 2528 tribunicio
997 2463 1100 2547 prima
1116 2467 1264 2527 cavetur:
1290 2462 1328 2526 ‘si
1344 2463 1413 2547 quis

233 2590 315 2646 euin,
340 2571 394 2653 qui
418 2591 455 2634 eo
478 2571 581 2654 plebei
604 2572 683 2636 scito
700 2591 787 2635 secer
802 2571 858 2648 sit,
883 2569 1042 2645 occiderit,
1061 2568 1218 2652 parricida
1234 2590 1274 2632 ne
1289 2567 1343 2632 sit'
1362 2605 1414 2628 -—.

233 2673 343 2739 Gallus
368 2676 476 2739 Aelius
500 2676 546 2740 ait
569 2698 693 2741 sacrum
716 2697 792 2753 esse,
820 2675 1040 2759 quodcumque
1066 2670 1171 2738 morel
1196 2677 1293 2757 atque
1317 2672 1410 2736 insti·

232 2782 303 2843 tuto
326 2779 465 2844 civitatis
488 2787 706 2846 consecratum
731 2782 789 2859 sit,
821 2781 886 2845 sive
911 2779 997 2844 sedis
1019 2779 1091 2843 sive
1114 2801 1170 2842 ara
1192 2779 1259 2842 sive
1283 2777 1412 2862 signum

232 2883 298 2948 sive
329 2883 433 2950 locns⁸
464 2887 531 2950 sive
562 2888 695 2970 pecunie
725 2888 791 2951 sive
815 2887 890 2970 quid
915 2885 1017 2961 aliud,
1053 2884 1138 2968 quod
1162 2883 1209 2946 dis
1233 2882 1412 2947 dedicatum

232 2993 328 3072 utque
350 2995 567 3054 consecratum
583 2992 642 3058 sit:
667 2991 751 3075 quod
769 2996 875 3055 autem
895 2988 1029 3072 priveti⁹
1046 3010 1121 3053 snae
1138 2987 1303 3071 religionis
1318 3008 1413 3051 causa

232 3093 353 3178 aliquid
376 3117 484 3159 esrum
509 3117 614 3159 rerum
638 3096 696 3160 deo
719 3095 883 3170 dedicent,
916 3095 947 3158 id
972 3093 1136 3177 pontifices
1161 3091 1323 3156 Romanos
1348 3112 1411 3155 non

231 3198 413 3264 existimare
435 3220 568 3266 sacrum.
616 3200 661 3265 At
683 3201 708 3265 si
734 3223 798 3286 quo
814 3222 905 3265 sacre
922 3200 1046 3284 privato
1062 3201 1211 3280 succepto
1226 3200 1312 3274 sunt,
1331 3218 1413 3281 quse

231 3326 269 3368 ex
292 3303 441 3368 instituto
472 3305 658 3388 pontificum
690 3310 775 3369 stato
809 3305 858 3369 die
886 3309 942 3368 aut
965 3308 1051 3368 certo
1076 3303 1144 3366 loco
1167 3300 1313 3365 faciendo
1337 3305 1412 3379 sint,

231 3430 268 3474 eu
290 3431 380 3473 sucre
403 3408 557 3492 appellari
582 3415 744 3494 umquam
767 3409 967 3474 sucrificium.
1000 3406 1058 3472 Ille
1075 3407 1172 3484 locus,
1197 3406 1252 3470 ubi
1268 3426 1307 3470 eo
1320 3427 1411 3470 secra

231 3514 358 3598 privato
380 3513 525 3577 facienda
547 3521 632 3593 sunt,
657 3515 708 3578 vix
734 3515 861 3578 videtur
885 3536 972 3577 sacer
995 3535 1072 3577 esse.
1119 3511 1158 3574 F.
1187 3515 1260 3575 318.

304 3669 331 3727 1)
349 3684 399 3735 pro
417 3669 468 3722 ins.
480 3668 552 3722 Mne.
571 3676 667 3722 corruo
684 3668 740 3722 cod.
760 3697 795 3708 -
812 3667 842 3736 2)
859 3667 928 3721 civit
947 3667 1003 3720 cod.
1022 3697 1056 3705 -—
1075 3666 1102 3731 St
1118 3662 1230 3733 nogotio
1242 3678 1292 3716 om.
1303 3663 1361 3716 cod.
1378 3693 1412 3703 —

230 3754 258 3814 41
277 3754 322 3806 Sui·
334 3753 431 3820 codem
448 3756 615 3809 unicordem
627 3756 717 3824 rupsit
730 3756 758 3808 in
772 3753 836 3816 Xll;
856 3756 891 3823 cs.
905 3760 966 3808 tom.
978 3753 997 3807 1
1002 3771 1029 3822 p.
1043 3757 1080 3807 29
1098 3752 1150 3805 tob.
1169 3749 1276 3815 Vffle.
1304 3750 1411 3804 Paulus

229 3858 256 3910 p.
278 3845 343 3894 dds:
373 3840 480 3910 rupitiu
498 3842 633 3897 damnum
652 3842 761 3897 dederit
779 3842 928 3911 significet.
956 3871 987 3880 -
1006 3841 1034 3906 5>
1054 3838 1193 3894 contruxit
1210 3836 1285 3903 cod;
1312 3837 1411 3891 emend.

232 3930 302 3996 Aup.
322 3958 353 3968 -
373 3929 401 3997 6)
421 3929 507 3983 dicer.
526 3937 576 3984 sot.
595 3934 677 3996 3,7,5.·
697 3929 826 3986 hocloco
846 3947 900 3984 non
921 3927 1044 3982 alienum
1064 3926 1176 3979 videtur
1196 3923 1232 3979 de
1249 3924 1412 3980 condicione

231 4031 324 4070 eorum
344 4015 487 4070 hominnm
507 4018 620 4081 referre,
648 4034 715 4086 quos
738 4018 813 4085 logos
832 4032 923 4071 sacros
943 4031 1001 4069 osse
1018 4014 1105 4068 certis
1123 4013 1177 4066 diis
1196 4012 1316 4076 iubent,
1345 4013 1411 4080 quia

231 4117 286 4157 non
304 4101 403 4169 ignoro
421 4104 588 4172 quibusdum
607 4104 710 4159 mirum
732 4104 826 4168 sideri,
845 4103 928 4172 qnod,
948 4120 1010 4157 enm
1028 4106 1124 4157 cetero
1145 4116 1226 4154 sacro
1243 4098 1346 4154 violari
1366 4115 1412 4154 ns·

232 4304 261 4313 -
283 4278 311 4337 7)
328 4294 501 4346 quocumque
520 4280 600 4334 mcilo
619 4280 683 4337 cod..
712 4280 808 4334 emerid.
829 4279 996 4332 bieimann.
1029 4307 1060 4317 -
1087 4276 1116 4344 8)
1136 4276 1228 4331 locum
1247 4276 1305 4328 cod.
1327 4304 1361 4314 -
1383 4276 1411 4342 9)

232 4362 352 4431 privetis
370 4365 427 4417 cod
