<?xml version="1.0" encoding="UTF-8"?>
<!DOCTYPE html PUBLIC "-//W3C//DTD XHTML 1.0 Transitional//EN"
    "http://www.w3.org/TR/xhtml1/DTD/xhtml1-transitional.dtd">
<html xmlns="http://www.w3.org/1999/xhtml" xml:lang="en" lang="en">
 <head>
  <title>
</title>
<meta http-equiv="Content-Type" content="text/html;charset=utf-8" />
  <meta name='ocr-system' content='tesseract 3.04.00' />
  <meta name='ocr-capabilities' content='ocr_page ocr_carea ocr_par ocr_line ocrx_word'/>
</head>
<body>
  <div class='ocr_page' id='page_1' title='image "./fontesiurisroma03brungoog_0513.png"; bbox 0 0 2992 5040; ppageno 0'>
   <div class='ocr_carea' id='block_1_1' title="bbox 156 303 890 368">
    <p class='ocr_par' dir='ltr' id='par_1_1' title="bbox 156 303 890 368">
     <span class='ocr_line' id='line_1_1' title="bbox 156 303 890 368; baseline -0.016 0"><span class='ocrx_word' id='word_1_1' title='bbox 156 305 198 368; x_wconf 87' lang='grc'>68</span> <span class='ocrx_word' id='word_1_2' title='bbox 605 303 714 360; x_wconf 88' lang='lat' dir='ltr'>Nonius</span> <span class='ocrx_word' id='word_1_3' title='bbox 735 304 890 362; x_wconf 76' lang='lat' dir='ltr'><strong>Marcellus.</strong></span> 
     </span>
    </p>
   </div>
   <div class='ocr_carea' id='block_1_2' title="bbox 153 479 1350 2978">
    <p class='ocr_par' dir='ltr' id='par_1_2' title="bbox 153 479 1348 1509">
     <span class='ocr_line' id='line_1_2' title="bbox 154 479 1341 568; baseline 0.003 -23"><span class='ocrx_word' id='word_1_4' title='bbox 154 479 453 565; x_wconf 83' lang='lat' dir='ltr'>Recepticium</span> <span class='ocrx_word' id='word_1_5' title='bbox 478 503 603 546; x_wconf 86' lang='lat' dir='ltr'>servum</span> <span class='ocrx_word' id='word_1_6' title='bbox 628 480 759 565; x_wconf 88' lang='lat' dir='ltr'>quidam</span> <span class='ocrx_word' id='word_1_7' title='bbox 782 517 823 526; x_wconf 86' lang='lat'><em>-</em></span> <span class='ocrx_word' id='word_1_8' title='bbox 848 482 968 547; x_wconf 87' lang='lat' dir='ltr'>dictum</span> <span class='ocrx_word' id='word_1_9' title='bbox 992 484 1114 562; x_wconf 89' lang='lat' dir='ltr'>volunt,</span> <span class='ocrx_word' id='word_1_10' title='bbox 1140 523 1173 531; x_wconf 91' lang='lat'>—</span> <span class='ocrx_word' id='word_1_11' title='bbox 1205 484 1260 568; x_wconf 90' lang='lat' dir='ltr'>qui</span> <span class='ocrx_word' id='word_1_12' title='bbox 1285 507 1341 548; x_wconf 87' lang='lat' dir='ltr'>ve·</span> 
     </span>
     <span class='ocr_line' id='line_1_3' title="bbox 153 586 1343 673; baseline 0.001 -23"><span class='ocrx_word' id='word_1_13' title='bbox 153 586 326 651; x_wconf 88' lang='lat' dir='ltr'>numdatns</span> <span class='ocrx_word' id='word_1_14' title='bbox 350 587 391 651; x_wconf 91' lang='lat' dir='ltr'>ob</span> <span class='ocrx_word' id='word_1_15' title='bbox 415 586 547 671; x_wconf 82' lang='lat' dir='ltr'><strong>aliquod</strong></span> <span class='ocrx_word' id='word_1_16' title='bbox 577 624 618 633; x_wconf 92' lang='lat'><em>-</em></span> <span class='ocrx_word' id='word_1_17' title='bbox 651 586 855 651; x_wconf 77' lang='lat' dir='ltr'><strong>malefactum</strong></span> <span class='ocrx_word' id='word_1_18' title='bbox 880 611 899 650; x_wconf 93' lang='lat' dir='ltr'>a</span> <span class='ocrx_word' id='word_1_19' title='bbox 929 589 1117 653; x_wconf 86' lang='lat' dir='ltr'>distractore</span> <span class='ocrx_word' id='word_1_20' title='bbox 1148 591 1343 673; x_wconf 83' lang='lat' dir='ltr'>recipiatnr;</span> 
     </span>
     <span class='ocr_line' id='line_1_4' title="bbox 153 691 1344 777; baseline 0 -21"><span class='ocrx_word' id='word_1_21' title='bbox 153 692 209 756; x_wconf 90' lang='lat' dir='ltr'>sed</span> <span class='ocrx_word' id='word_1_22' title='bbox 233 715 307 756; x_wconf 88' lang='lat' dir='ltr'>vera</span> <span class='ocrx_word' id='word_1_23' title='bbox 329 692 408 756; x_wconf 87' lang='lat' dir='ltr'>haec</span> <span class='ocrx_word' id='word_1_24' title='bbox 431 697 480 756; x_wconf 90' lang='lat' dir='ltr'>est</span> <span class='ocrx_word' id='word_1_25' title='bbox 502 691 569 755; x_wconf 89' lang='lat' dir='ltr'>cius</span> <span class='ocrx_word' id='word_1_26' title='bbox 593 692 731 756; x_wconf 88' lang='lat' dir='ltr'>nominis</span> <span class='ocrx_word' id='word_1_27' title='bbox 747 693 989 777; x_wconf 75' lang='lat' dir='ltr'><strong>interpretatio:</strong></span> <span class='ocrx_word' id='word_1_28' title='bbox 1013 715 1108 777; x_wconf 90' lang='lat' dir='ltr'>quem</span> <span class='ocrx_word' id='word_1_29' title='bbox 1123 693 1156 756; x_wconf 91' lang='lat' dir='ltr'>iu</span> <span class='ocrx_word' id='word_1_30' title='bbox 1174 693 1250 757; x_wconf 88' lang='lat' dir='ltr'>data</span> <span class='ocrx_word' id='word_1_31' title='bbox 1266 693 1344 757; x_wconf 85' lang='lat' dir='ltr'>dote</span> 
     </span>
     <span class='ocr_line' id='line_1_5' title="bbox 154 796 1341 881; baseline 0 -20"><span class='ocrx_word' id='word_1_32' title='bbox 154 802 211 861; x_wconf 90' lang='lat' dir='ltr'>aut</span> <span class='ocrx_word' id='word_1_33' title='bbox 239 797 412 861; x_wconf 82' lang='lat' dir='ltr'>donatione</span> <span class='ocrx_word' id='word_1_34' title='bbox 445 796 516 879; x_wconf 91' lang='lat' dir='ltr'>quis</span> <span class='ocrx_word' id='word_1_35' title='bbox 541 797 718 880; x_wconf 80' lang='lat' dir='ltr'>exceperit,</span> <span class='ocrx_word' id='word_1_36' title='bbox 752 797 836 880; x_wconf 90' lang='lat' dir='ltr'>quod</span> <span class='ocrx_word' id='word_1_37' title='bbox 864 802 912 861; x_wconf 91' lang='lat' dir='ltr'>est</span> <span class='ocrx_word' id='word_1_38' title='bbox 934 798 1063 880; x_wconf 86' lang='lat' dir='ltr'>proprie</span> <span class='ocrx_word' id='word_1_39' title='bbox 1086 799 1273 881; x_wconf 86' lang='lat' dir='ltr'>‘receperit&#39;.</span> <span class='ocrx_word' id='word_1_40' title='bbox 1298 833 1341 843; x_wconf 95' lang='lat'>-</span> 
     </span>
     <span class='ocr_line' id='line_1_6' title="bbox 158 900 1340 987; baseline -0.001 -20"><span class='ocrx_word' id='word_1_41' title='bbox 158 938 195 949; x_wconf 88' lang='lat'>—-</span> <span class='ocrx_word' id='word_1_42' title='bbox 221 900 314 967; x_wconf 76' lang='lat' dir='ltr'>Cato:</span> <span class='ocrx_word' id='word_1_43' title='bbox 338 900 463 965; x_wconf 89' lang='lat' dir='ltr'>‘mulier</span> <span class='ocrx_word' id='word_1_44' title='bbox 487 907 519 966; x_wconf 90' lang='lat' dir='ltr'>et</span> <span class='ocrx_word' id='word_1_45' title='bbox 545 924 695 985; x_wconf 84' lang='lat' dir='ltr'>magnam</span> <span class='ocrx_word' id='word_1_46' title='bbox 720 902 825 966; x_wconf 84' lang='lat' dir='ltr'>dotem</span> <span class='ocrx_word' id='word_1_47' title='bbox 849 902 905 966; x_wconf 87' lang='lat' dir='ltr'>dat</span> <span class='ocrx_word' id='word_1_48' title='bbox 927 909 959 966; x_wconf 90' lang='lat' dir='ltr'>et</span> <span class='ocrx_word' id='word_1_49' title='bbox 982 923 1132 987; x_wconf 83' lang='lat' dir='ltr'>magnam</span> <span class='ocrx_word' id='word_1_50' title='bbox 1156 903 1340 985; x_wconf 86' lang='lat' dir='ltr'>pecuniam¹</span> 
     </span>
     <span class='ocr_line' id='line_1_7' title="bbox 155 1006 1345 1092; baseline -0.002 -19"><span class='ocrx_word' id='word_1_51' title='bbox 155 1008 299 1082; x_wconf 82' lang='lat' dir='ltr'>retinet&#39;3</span> <span class='ocrx_word' id='word_1_52' title='bbox 324 1029 361 1070; x_wconf 89' lang='lat' dir='ltr'>ex</span> <span class='ocrx_word' id='word_1_53' title='bbox 384 1028 421 1070; x_wconf 92' lang='lat' dir='ltr'>ea</span> <span class='ocrx_word' id='word_1_54' title='bbox 442 1006 544 1092; x_wconf 82' lang='lat' dir='ltr'>igitur</span> <span class='ocrx_word' id='word_1_55' title='bbox 569 1029 603 1071; x_wconf 89' lang='lat' dir='ltr'>re</span> <span class='ocrx_word' id='word_1_56' title='bbox 619 1007 781 1084; x_wconf 79' lang='lat' dir='ltr'>familiari,</span> <span class='ocrx_word' id='word_1_57' title='bbox 806 1006 918 1092; x_wconf 64' lang='lat' dir='ltr'>quarn⁹</span> <span class='ocrx_word' id='word_1_58' title='bbox 934 1008 996 1073; x_wconf 85' lang='lat' dir='ltr'>sibi</span> <span class='ocrx_word' id='word_1_59' title='bbox 1013 1008 1086 1072; x_wconf 87' lang='lat' dir='ltr'>dote</span> <span class='ocrx_word' id='word_1_60' title='bbox 1102 1008 1178 1072; x_wconf 87' lang='lat' dir='ltr'>data</span> <span class='ocrx_word' id='word_1_61' title='bbox 1193 1008 1345 1085; x_wconf 86' lang='lat' dir='ltr'>retinuit,</span> 
     </span>
     <span class='ocr_line' id='line_1_8' title="bbox 155 1111 1348 1198; baseline -0.001 -21"><span class='ocrx_word' id='word_1_62' title='bbox 155 1114 322 1198; x_wconf 89' lang='lat' dir='ltr'>pecuniam</span> <span class='ocrx_word' id='word_1_63' title='bbox 346 1113 416 1176; x_wconf 90' lang='lat' dir='ltr'>viro</span> <span class='ocrx_word' id='word_1_64' title='bbox 440 1116 587 1176; x_wconf 89' lang='lat' dir='ltr'>mutuam</span> <span class='ocrx_word' id='word_1_65' title='bbox 611 1113 685 1176; x_wconf 92' lang='lat' dir='ltr'>dat:</span> <span class='ocrx_word' id='word_1_66' title='bbox 715 1135 784 1177; x_wconf 87' lang='lat' dir='ltr'>eam</span> <span class='ocrx_word' id='word_1_67' title='bbox 808 1111 991 1196; x_wconf 78' lang='lat' dir='ltr'>pecuniam²</span> <span class='ocrx_word' id='word_1_68' title='bbox 1015 1136 1034 1176; x_wconf 91' lang='lat' dir='ltr'>a</span> <span class='ocrx_word' id='word_1_69' title='bbox 1057 1114 1126 1177; x_wconf 82' lang='lat' dir='ltr'>viro</span> <span class='ocrx_word' id='word_1_70' title='bbox 1149 1114 1234 1177; x_wconf 86' lang='lat' dir='ltr'>forte</span> <span class='ocrx_word' id='word_1_71' title='bbox 1257 1113 1348 1176; x_wconf 84' lang='lat' dir='ltr'>irata</span> 
     </span>
     <span class='ocr_line' id='line_1_9' title="bbox 156 1216 1345 1304; baseline -0.001 -22"><span class='ocrx_word' id='word_1_72' title='bbox 156 1221 299 1302; x_wconf 89' lang='lat' dir='ltr'>repetere</span> <span class='ocrx_word' id='word_1_73' title='bbox 322 1216 484 1291; x_wconf 87' lang='lat' dir='ltr'>instituit;</span> <span class='ocrx_word' id='word_1_74' title='bbox 517 1217 650 1300; x_wconf 77' lang='lat' dir='ltr'>adponit</span> <span class='ocrx_word' id='word_1_75' title='bbox 673 1216 702 1281; x_wconf 94' lang='lat' dir='ltr'>ei</span> <span class='ocrx_word' id='word_1_76' title='bbox 723 1216 938 1304; x_wconf 82' lang='lat' dir='ltr'>flagitatorem</span> <span class='ocrx_word' id='word_1_77' title='bbox 964 1217 1176 1301; x_wconf 80' lang='lat' dir='ltr'>recepticium,</span> <span class='ocrx_word' id='word_1_78' title='bbox 1208 1217 1271 1281; x_wconf 91' lang='lat' dir='ltr'>hoc</span> <span class='ocrx_word' id='word_1_79' title='bbox 1295 1225 1345 1282; x_wconf 89' lang='lat' dir='ltr'>est</span> 
     </span>
     <span class='ocr_line' id='line_1_10' title="bbox 155 1322 1348 1407; baseline 0.001 -21"><span class='ocrx_word' id='word_1_80' title='bbox 155 1323 338 1407; x_wconf 90' lang='lat' dir='ltr'>proprium,</span> <span class='ocrx_word' id='word_1_81' title='bbox 373 1344 482 1398; x_wconf 90' lang='lat' dir='ltr'>suurn,</span> <span class='ocrx_word' id='word_1_82' title='bbox 515 1344 609 1406; x_wconf 88' lang='lat' dir='ltr'>quern</span> <span class='ocrx_word' id='word_1_83' title='bbox 643 1322 766 1406; x_wconf 90' lang='lat' dir='ltr'>reliqua</span> <span class='ocrx_word' id='word_1_84' title='bbox 788 1324 922 1406; x_wconf 89' lang='lat' dir='ltr'>pecunia</span> <span class='ocrx_word' id='word_1_85' title='bbox 944 1328 1106 1406; x_wconf 84' lang='lat' dir='ltr'>receperat</span> <span class='ocrx_word' id='word_1_86' title='bbox 1128 1344 1187 1388; x_wconf 91' lang='lat' dir='ltr'>nec</span> <span class='ocrx_word' id='word_1_87' title='bbox 1211 1323 1348 1388; x_wconf 82' lang='lat' dir='ltr'>dederat</span> 
     </span>
     <span class='ocr_line' id='line_1_11' title="bbox 156 1427 916 1509; baseline -0.001 -16"><span class='ocrx_word' id='word_1_88' title='bbox 156 1429 235 1506; x_wconf 91' lang='lat' dir='ltr'>doti,</span> <span class='ocrx_word' id='word_1_89' title='bbox 258 1428 312 1491; x_wconf 92' lang='lat' dir='ltr'>sed</span> <span class='ocrx_word' id='word_1_90' title='bbox 337 1432 513 1509; x_wconf 86' lang='lat' dir='ltr'>exceperat.</span> <span class='ocrx_word' id='word_1_91' title='bbox 559 1431 603 1492; x_wconf 85' lang='grc'>38</span> <span class='ocrx_word' id='word_1_92' title='bbox 625 1458 653 1479; x_wconf 83' lang='grc'>--</span> <span class='ocrx_word' id='word_1_93' title='bbox 682 1427 809 1492; x_wconf 78' lang='lat' dir='ltr'>Gellius</span> <span class='ocrx_word' id='word_1_94' title='bbox 831 1432 916 1501; x_wconf 81' lang='lat'>17‚6.</span> 
     </span>
    </p>

    <p class='ocr_par' dir='ltr' id='par_1_3' title="bbox 156 1530 1345 1934">
     <span class='ocr_line' id='line_1_12' title="bbox 157 1530 1341 1615; baseline -0.004 -16"><span class='ocrx_word' id='word_1_95' title='bbox 157 1531 414 1610; x_wconf 80' lang='lat' dir='ltr'>Ricinium³,</span> <span class='ocrx_word' id='word_1_96' title='bbox 448 1532 531 1615; x_wconf 93' lang='lat' dir='ltr'>quod</span> <span class='ocrx_word' id='word_1_97' title='bbox 566 1551 651 1594; x_wconf 89' lang='lat' dir='ltr'>nunc</span> <span class='ocrx_word' id='word_1_98' title='bbox 672 1530 862 1594; x_wconf 85' lang='lat' dir='ltr'>malurtium</span> <span class='ocrx_word' id='word_1_99' title='bbox 886 1531 1019 1609; x_wconf 89' lang='lat' dir='ltr'>dicitur,</span> <span class='ocrx_word' id='word_1_100' title='bbox 1052 1531 1220 1615; x_wconf 90' lang='lat' dir='ltr'>palliolum</span> <span class='ocrx_word' id='word_1_101' title='bbox 1244 1530 1341 1595; x_wconf 88' lang='lat' dir='ltr'>femi·</span> 
     </span>
     <span class='ocr_line' id='line_1_13' title="bbox 156 1634 1345 1719; baseline -0.004 -14"><span class='ocrx_word' id='word_1_102' title='bbox 156 1662 253 1705; x_wconf 90' lang='lat' dir='ltr'>neum</span> <span class='ocrx_word' id='word_1_103' title='bbox 276 1639 380 1703; x_wconf 85' lang='lat' dir='ltr'>breve.</span> <span class='ocrx_word' id='word_1_104' title='bbox 430 1637 596 1700; x_wconf 87' lang='lat' dir='ltr'>Varro-</span> <span class='ocrx_word' id='word_1_105' title='bbox 625 1637 663 1700; x_wconf 89' lang='lat' dir='ltr'>de</span> <span class='ocrx_word' id='word_1_106' title='bbox 686 1635 754 1699; x_wconf 85' lang='lat' dir='ltr'>vita</span> <span class='ocrx_word' id='word_1_107' title='bbox 776 1658 806 1718; x_wconf 89' lang='lat' dir='ltr'>p.</span> <span class='ocrx_word' id='word_1_108' title='bbox 834 1634 872 1699; x_wconf 84' lang='lat' dir='ltr'>R.</span> <span class='ocrx_word' id='word_1_109' title='bbox 898 1659 958 1699; x_wconf 76' lang='grc' dir='ltr'>-ε</span> <span class='ocrx_word' id='word_1_110' title='bbox 993 1636 1075 1701; x_wconf 82' lang='lat' dir='ltr'>‘Ex‘</span> <span class='ocrx_word' id='word_1_111' title='bbox 1104 1659 1168 1719; x_wconf 89' lang='lat' dir='ltr'>quo</span> <span class='ocrx_word' id='word_1_112' title='bbox 1191 1635 1345 1700; x_wconf 88' lang='lat' dir='ltr'>mulieres</span> 
     </span>
     <span class='ocr_line' id='line_1_14' title="bbox 156 1741 1345 1818; baseline -0.005 -8"><span class='ocrx_word' id='word_1_113' title='bbox 156 1747 190 1810; x_wconf 93' lang='lat' dir='ltr'>in</span> <span class='ocrx_word' id='word_1_114' title='bbox 212 1783 257 1792; x_wconf 97' lang='lat'>—</span> <span class='ocrx_word' id='word_1_115' title='bbox 280 1742 430 1818; x_wconf 90' lang='lat' dir='ltr'>luctibus,</span> <span class='ocrx_word' id='word_1_116' title='bbox 454 1763 524 1804; x_wconf 90' lang='lat' dir='ltr'>cum</span> <span class='ocrx_word' id='word_1_117' title='bbox 548 1763 674 1804; x_wconf 90' lang='lat' dir='ltr'>omnem</span> <span class='ocrx_word' id='word_1_118' title='bbox 690 1741 840 1804; x_wconf 86' lang='lat' dir='ltr'>vestitum</span> <span class='ocrx_word' id='word_1_119' title='bbox 857 1741 1071 1807; x_wconf 87' lang='lat' dir='ltr'>delicatiorem</span> <span class='ocrx_word' id='word_1_120' title='bbox 1090 1764 1126 1806; x_wconf 89' lang='lat' dir='ltr'>ac</span> <span class='ocrx_word' id='word_1_121' title='bbox 1141 1741 1345 1806; x_wconf 85' lang='lat' dir='ltr'>luxoriosum</span> 
     </span>
     <span class='ocr_line' id='line_1_15' title="bbox 158 1846 792 1934; baseline -0.011 -19"><span class='ocrx_word' id='word_1_122' title='bbox 158 1888 199 1900; x_wconf 91' lang='lat'>—</span> <span class='ocrx_word' id='word_1_123' title='bbox 223 1853 357 1934; x_wconf 89' lang='lat' dir='ltr'>ponunt,</span> <span class='ocrx_word' id='word_1_124' title='bbox 381 1846 493 1911; x_wconf 92' lang='lat' dir='ltr'>ricinia</span> <span class='ocrx_word' id='word_1_125' title='bbox 516 1847 672 1909; x_wconf 84' lang='lat' dir='ltr'>sumunt&#39;.</span> <span class='ocrx_word' id='word_1_126' title='bbox 718 1851 792 1909; x_wconf 87' lang='lat'><strong><em>371.</em></strong></span> 
     </span>
    </p>

    <p class='ocr_par' dir='ltr' id='par_1_4' title="bbox 157 1948 1348 2349">
     <span class='ocr_line' id='line_1_16' title="bbox 157 1948 1343 2039; baseline -0.006 -18"><span class='ocrx_word' id='word_1_127' title='bbox 157 1952 481 2039; x_wconf 86' lang='lat' dir='ltr'>Scripturarios</span> <span class='ocrx_word' id='word_1_128' title='bbox 519 1954 660 2026; x_wconf 86' lang='lat' dir='ltr'>veteres,</span> <span class='ocrx_word' id='word_1_129' title='bbox 694 1972 774 2033; x_wconf 92' lang='lat' dir='ltr'>quos</span> <span class='ocrx_word' id='word_1_130' title='bbox 798 1971 882 2013; x_wconf 92' lang='lat' dir='ltr'>nunc</span> <span class='ocrx_word' id='word_1_131' title='bbox 906 1948 1082 2015; x_wconf 85' lang='lat' dir='ltr'>tabularios</span> <span class='ocrx_word' id='word_1_132' title='bbox 1107 1952 1253 2029; x_wconf 89' lang='lat' dir='ltr'>dicimus,</span> <span class='ocrx_word' id='word_1_133' title='bbox 1280 1952 1343 2015; x_wconf 91' lang='lat' dir='ltr'>dici</span> 
     </span>
     <span class='ocr_line' id='line_1_17' title="bbox 160 2055 1343 2142; baseline -0.006 -16"><span class='ocrx_word' id='word_1_134' title='bbox 160 2062 288 2138; x_wconf 88' lang='lat' dir='ltr'>volunt,</span> <span class='ocrx_word' id='word_1_135' title='bbox 319 2058 403 2142; x_wconf 92' lang='lat' dir='ltr'>quod</span> <span class='ocrx_word' id='word_1_136' title='bbox 427 2056 596 2139; x_wconf 87' lang='lat' dir='ltr'>scripturis</span> <span class='ocrx_word' id='word_1_137' title='bbox 621 2059 653 2119; x_wconf 90' lang='lat' dir='ltr'>et</span> <span class='ocrx_word' id='word_1_138' title='bbox 675 2055 912 2119; x_wconf 88' lang='lat' dir='ltr'>commentariis</span> <span class='ocrx_word' id='word_1_139' title='bbox 936 2057 1043 2120; x_wconf 88' lang='lat' dir='ltr'>omnia</span> <span class='ocrx_word' id='word_1_140' title='bbox 1065 2055 1116 2120; x_wconf 83' lang='lat' dir='ltr'>vel</span> <span class='ocrx_word' id='word_1_141' title='bbox 1139 2057 1270 2120; x_wconf 90' lang='lat' dir='ltr'>urbium</span> <span class='ocrx_word' id='word_1_142' title='bbox 1294 2057 1343 2120; x_wconf 84' lang='lat' dir='ltr'>vel</span> 
     </span>
     <span class='ocr_line' id='line_1_18' title="bbox 158 2158 1348 2251; baseline -0.005 -21"><span class='ocrx_word' id='word_1_143' title='bbox 158 2164 395 2251; x_wconf 85' lang='lat' dir='ltr'>provinciarum</span> <span class='ocrx_word' id='word_1_144' title='bbox 417 2161 715 2244; x_wconf 86' lang='lat' dir='ltr'>complecterentur.</span> <span class='ocrx_word' id='word_1_145' title='bbox 762 2159 902 2224; x_wconf 87' lang='lat' dir='ltr'>Lucilius</span> <span class='ocrx_word' id='word_1_146' title='bbox 926 2160 947 2224; x_wconf 96' lang='lat' dir='ltr'>l.</span> <span class='ocrx_word' id='word_1_147' title='bbox 972 2158 1095 2225; x_wconf 87' lang='lat' dir='ltr'>XXVI:</span> <span class='ocrx_word' id='word_1_148' title='bbox 1120 2160 1348 2226; x_wconf 55' lang='lat' dir='ltr'>‘Publicanusl</span> 
     </span>
     <span class='ocr_line' id='line_1_19' title="bbox 159 2264 988 2349; baseline -0.006 -14"><span class='ocrx_word' id='word_1_149' title='bbox 159 2292 232 2335; x_wconf 88' lang='lat' dir='ltr'>vero</span> <span class='ocrx_word' id='word_1_150' title='bbox 256 2274 292 2332; x_wconf 92' lang='lat' dir='ltr'>ut</span> <span class='ocrx_word' id='word_1_151' title='bbox 314 2267 409 2331; x_wconf 86' lang='lat' dir='ltr'>Asiae</span> <span class='ocrx_word' id='word_1_152' title='bbox 432 2266 518 2343; x_wconf 87' lang='lat' dir='ltr'>fiam,</span> <span class='ocrx_word' id='word_1_153' title='bbox 543 2265 596 2329; x_wconf 80' lang='lat' dir='ltr'>ut⁸</span> <span class='ocrx_word' id='word_1_154' title='bbox 620 2265 868 2349; x_wconf 87' lang='lat' dir='ltr'>scripturarius&#39;.</span> <span class='ocrx_word' id='word_1_155' title='bbox 915 2264 988 2331; x_wconf 74' lang='lat'>26².</span> 
     </span>
    </p>

    <p class='ocr_par' dir='ltr' id='par_1_5' title="bbox 158 2371 1350 2978">
     <span class='ocr_line' id='line_1_20' title="bbox 159 2371 1347 2459; baseline -0.005 -19"><span class='ocrx_word' id='word_1_156' title='bbox 159 2371 481 2459; x_wconf 82' lang='lat' dir='ltr'>Sexagenarios</span> <span class='ocrx_word' id='word_1_157' title='bbox 511 2393 567 2453; x_wconf 90' lang='lat' dir='ltr'>per</span> <span class='ocrx_word' id='word_1_158' title='bbox 598 2375 726 2454; x_wconf 87' lang='lat' dir='ltr'>pontem</span> <span class='ocrx_word' id='word_1_159' title='bbox 761 2371 933 2436; x_wconf 88' lang='lat' dir='ltr'>mittendos</span> <span class='ocrx_word' id='word_1_160' title='bbox 957 2371 1041 2436; x_wconf 90' lang='lat' dir='ltr'>male</span> <span class='ocrx_word' id='word_1_161' title='bbox 1064 2372 1117 2436; x_wconf 93' lang='lat' dir='ltr'>diu</span> <span class='ocrx_word' id='word_1_162' title='bbox 1140 2372 1347 2454; x_wconf 86' lang='lat' dir='ltr'>popularitas</span> 
     </span>
     <span class='ocr_line' id='line_1_21' title="bbox 158 2472 1343 2557; baseline -0.007 -11"><span class='ocrx_word' id='word_1_163' title='bbox 158 2477 318 2545; x_wconf 84' lang='lat' dir='ltr'>intellexit</span> <span class='ocrx_word' id='word_1_164' title='bbox 333 2476 360 2556; x_wconf 78' lang='lat'>⁸,</span> <span class='ocrx_word' id='word_1_165' title='bbox 395 2497 466 2539; x_wconf 88' lang='lat' dir='ltr'>cum</span> <span class='ocrx_word' id='word_1_166' title='bbox 489 2472 594 2537; x_wconf 89' lang='lat' dir='ltr'>Varro</span> <span class='ocrx_word' id='word_1_167' title='bbox 623 2472 660 2537; x_wconf 91' lang='lat' dir='ltr'>de</span> <span class='ocrx_word' id='word_1_168' title='bbox 683 2473 751 2537; x_wconf 82' lang='lat' dir='ltr'>vita</span> <span class='ocrx_word' id='word_1_169' title='bbox 774 2496 803 2557; x_wconf 89' lang='lat' dir='ltr'>p.</span> <span class='ocrx_word' id='word_1_170' title='bbox 829 2472 867 2538; x_wconf 91' lang='lat' dir='ltr'>R.</span> <span class='ocrx_word' id='word_1_171' title='bbox 893 2475 1123 2540; x_wconf 84' lang='lat' dir='ltr'>-honestam</span> <span class='ocrx_word' id='word_1_172' title='bbox 1147 2497 1276 2539; x_wconf 86' lang='lat' dir='ltr'>causam</span> <span class='ocrx_word' id='word_1_173' title='bbox 1302 2512 1343 2522; x_wconf 90' lang='lat'><em>-</em></span> 
     </span>
     <span class='ocr_line' id='line_1_22' title="bbox 159 2578 1350 2669; baseline -0.005 -21"><span class='ocrx_word' id='word_1_174' title='bbox 159 2584 365 2669; x_wconf 82' lang='lat' dir='ltr'>patefecerit:</span> <span class='ocrx_word' id='word_1_175' title='bbox 395 2579 534 2644; x_wconf 87' lang='lat' dir='ltr'>‘cumin</span> <span class='ocrx_word' id='word_1_176' title='bbox 560 2579 706 2660; x_wconf 86' lang='lat' dir='ltr'>quintum</span> <span class='ocrx_word' id='word_1_177' title='bbox 731 2579 866 2662; x_wconf 84' lang='lat' dir='ltr'>gradum</span> <span class='ocrx_word' id='word_1_178' title='bbox 891 2585 1101 2662; x_wconf 87' lang='lat' dir='ltr'>pervenerant</span> <span class='ocrx_word' id='word_1_179' title='bbox 1124 2584 1221 2663; x_wconf 91' lang='lat' dir='ltr'>atque</span> <span class='ocrx_word' id='word_1_180' title='bbox 1243 2578 1350 2643; x_wconf 90' lang='lat' dir='ltr'>habe·-</span> 
     </span>
     <span class='ocr_line' id='line_1_23' title="bbox 160 2682 1350 2771; baseline -0.008 -16"><span class='ocrx_word' id='word_1_181' title='bbox 160 2692 240 2754; x_wconf 91' lang='lat' dir='ltr'>bant</span> <span class='ocrx_word' id='word_1_182' title='bbox 272 2686 440 2771; x_wconf 84' lang='lat' dir='ltr'>sexaginta</span> <span class='ocrx_word' id='word_1_183' title='bbox 473 2704 589 2760; x_wconf 86' lang='lat' dir='ltr'>annos,</span> <span class='ocrx_word' id='word_1_184' title='bbox 623 2688 691 2746; x_wconf 93' lang='lat' dir='ltr'>tum</span> <span class='ocrx_word' id='word_1_185' title='bbox 722 2683 857 2767; x_wconf 89' lang='lat' dir='ltr'>denique</span> <span class='ocrx_word' id='word_1_186' title='bbox 886 2688 978 2749; x_wconf 90' lang='lat' dir='ltr'>erant</span> <span class='ocrx_word' id='word_1_187' title='bbox 1001 2706 1019 2747; x_wconf 93' lang='lat' dir='ltr'>a</span> <span class='ocrx_word' id='word_1_188' title='bbox 1043 2684 1178 2767; x_wconf 89' lang='lat' dir='ltr'>publicis</span> <span class='ocrx_word' id='word_1_189' title='bbox 1201 2682 1350 2767; x_wconf 84' lang='lat' dir='ltr'>negotiis.</span> 
     </span>
     <span class='ocr_line' id='line_1_24' title="bbox 159 2784 1349 2874; baseline -0.008 -15"><span class='ocrx_word' id='word_1_190' title='bbox 159 2793 254 2860; x_wconf 87' lang='lat' dir='ltr'>liberi</span> <span class='ocrx_word' id='word_1_191' title='bbox 285 2797 381 2874; x_wconf 91' lang='lat' dir='ltr'>atque</span> <span class='ocrx_word' id='word_1_192' title='bbox 413 2787 519 2854; x_wconf 88' lang='lat' dir='ltr'>otiosi.</span> <span class='ocrx_word' id='word_1_193' title='bbox 565 2784 639 2850; x_wconf 91' lang='lat' dir='ltr'>Ideo</span> <span class='ocrx_word' id='word_1_194' title='bbox 667 2787 700 2849; x_wconf 92' lang='lat' dir='ltr'>in</span> <span class='ocrx_word' id='word_1_195' title='bbox 724 2785 893 2869; x_wconf 85' lang='lat' dir='ltr'>proverbio</span> <span class='ocrx_word' id='word_1_196' title='bbox 916 2787 1046 2871; x_wconf 86' lang='lat' dir='ltr'>quidam</span> <span class='ocrx_word' id='word_1_197' title='bbox 1070 2790 1185 2870; x_wconf 90' lang='lat' dir='ltr'>putant</span> <span class='ocrx_word' id='word_1_198' title='bbox 1208 2786 1349 2862; x_wconf 85' lang='lat' dir='ltr'>venisse,</span> 
     </span>
     <span class='ocr_line' id='line_1_25' title="bbox 160 2891 1348 2978; baseline -0.008 -14"><span class='ocrx_word' id='word_1_199' title='bbox 160 2904 198 2964; x_wconf 90' lang='lat' dir='ltr'>ut</span> <span class='ocrx_word' id='word_1_200' title='bbox 220 2899 387 2974; x_wconf 86' lang='lat' dir='ltr'>diceretur,</span> <span class='ocrx_word' id='word_1_201' title='bbox 416 2891 644 2978; x_wconf 79' lang='lat' dir='ltr'>sexagenarios</span> <span class='ocrx_word' id='word_1_202' title='bbox 667 2891 705 2956; x_wconf 92' lang='lat' dir='ltr'>de</span> <span class='ocrx_word' id='word_1_203' title='bbox 728 2895 825 2975; x_wconf 91' lang='lat' dir='ltr'>ponte</span> <span class='ocrx_word' id='word_1_204' title='bbox 849 2892 928 2956; x_wconf 90' lang='lat' dir='ltr'>deici</span> <span class='ocrx_word' id='word_1_205' title='bbox 952 2896 1107 2975; x_wconf 87' lang='lat' dir='ltr'>oportere,</span> <span class='ocrx_word' id='word_1_206' title='bbox 1132 2891 1161 2953; x_wconf 94' lang='lat' dir='ltr'>id</span> <span class='ocrx_word' id='word_1_207' title='bbox 1186 2891 1348 2974; x_wconf 90' lang='lat' dir='ltr'>estquod</span> 
     </span>
    </p>
   </div>
   <div class='ocr_carea' id='block_1_3' title="bbox 160 2996 1352 3714">
    <p class='ocr_par' dir='ltr' id='par_1_6' title="bbox 160 2996 1352 3490">
     <span class='ocr_line' id='line_1_26' title="bbox 160 2996 1232 3089; baseline -0.009 -19"><span class='ocrx_word' id='word_1_208' title='bbox 160 3004 350 3089; x_wconf 80' lang='lat' dir='ltr'>suffragium</span> <span class='ocrx_word' id='word_1_209' title='bbox 374 3021 438 3064; x_wconf 92' lang='lat' dir='ltr'>non</span> <span class='ocrx_word' id='word_1_210' title='bbox 461 2999 579 3072; x_wconf 86' lang='lat' dir='ltr'>ferant,</span> <span class='ocrx_word' id='word_1_211' title='bbox 604 2997 688 3081; x_wconf 89' lang='lat' dir='ltr'>quod</span> <span class='ocrx_word' id='word_1_212' title='bbox 712 3020 769 3080; x_wconf 90' lang='lat' dir='ltr'>per</span> <span class='ocrx_word' id='word_1_213' title='bbox 792 3003 920 3081; x_wconf 89' lang='lat' dir='ltr'>pontem</span> <span class='ocrx_word' id='word_1_214' title='bbox 944 2996 1109 3062; x_wconf 86' lang='lat' dir='ltr'>ferebant&#39;.</span> <span class='ocrx_word' id='word_1_215' title='bbox 1156 3001 1232 3061; x_wconf 79' lang='lat'>358.</span> 
     </span>
     <span class='ocr_line' id='line_1_27' title="bbox 162 3099 1348 3186; baseline -0.009 -12"><span class='ocrx_word' id='word_1_216' title='bbox 162 3109 256 3186; x_wconf 91' lang='lat' dir='ltr'>Usu,</span> <span class='ocrx_word' id='word_1_217' title='bbox 280 3108 313 3170; x_wconf 92' lang='lat' dir='ltr'>id</span> <span class='ocrx_word' id='word_1_218' title='bbox 336 3110 385 3170; x_wconf 89' lang='lat' dir='ltr'>est</span> <span class='ocrx_word' id='word_1_219' title='bbox 407 3104 536 3179; x_wconf 88' lang='lat' dir='ltr'>utend0,</span> <span class='ocrx_word' id='word_1_220' title='bbox 562 3103 645 3166; x_wconf 90' lang='lat' dir='ltr'>unde</span> <span class='ocrx_word' id='word_1_221' title='bbox 669 3105 701 3166; x_wconf 91' lang='lat' dir='ltr'>et</span> <span class='ocrx_word' id='word_1_222' title='bbox 717 3124 870 3185; x_wconf 90' lang='lat' dir='ltr'>usurpare</span> <span class='ocrx_word' id='word_1_223' title='bbox 894 3102 1089 3179; x_wconf 89' lang='lat' dir='ltr'>dictumest,</span> <span class='ocrx_word' id='word_1_224' title='bbox 1111 3099 1348 3184; x_wconf 89' lang='lat' dir='ltr'>obtineriquid</span> 
     </span>
     <span class='ocr_line' id='line_1_28' title="bbox 161 3205 1345 3296; baseline -0.01 -16"><span class='ocrx_word' id='word_1_225' title='bbox 161 3213 256 3280; x_wconf 70' lang='lat' dir='ltr'>cum⁹</span> <span class='ocrx_word' id='word_1_226' title='bbox 287 3211 405 3296; x_wconf 86' lang='lat' dir='ltr'>possit,</span> <span class='ocrx_word' id='word_1_227' title='bbox 439 3214 562 3273; x_wconf 89' lang='lat' dir='ltr'>veteres</span> <span class='ocrx_word' id='word_1_228' title='bbox 594 3229 653 3271; x_wconf 90' lang='lat' dir='ltr'>usu</span> <span class='ocrx_word' id='word_1_229' title='bbox 678 3206 798 3290; x_wconf 89' lang='lat' dir='ltr'>perire,</span> <span class='ocrx_word' id='word_1_230' title='bbox 826 3207 887 3272; x_wconf 91' lang='lat' dir='ltr'>hoc</span> <span class='ocrx_word' id='word_1_231' title='bbox 910 3213 958 3272; x_wconf 87' lang='lat' dir='ltr'>est</span> <span class='ocrx_word' id='word_1_232' title='bbox 981 3230 1044 3272; x_wconf 91' lang='lat' dir='ltr'>non</span> <span class='ocrx_word' id='word_1_233' title='bbox 1068 3207 1196 3284; x_wconf 89' lang='lat' dir='ltr'>utendo,</span> <span class='ocrx_word' id='word_1_234' title='bbox 1222 3205 1345 3290; x_wconf 90' lang='lat' dir='ltr'>aliquid</span> 
     </span>
     <span class='ocr_line' id='line_1_29' title="bbox 161 3311 1352 3406; baseline -0.012 -21"><span class='ocrx_word' id='word_1_235' title='bbox 161 3342 263 3406; x_wconf 90' lang='lat' dir='ltr'>posse.</span> <span class='ocrx_word' id='word_1_236' title='bbox 309 3315 444 3381; x_wconf 89' lang='lat' dir='ltr'>Plautus</span> <span class='ocrx_word' id='word_1_237' title='bbox 459 3313 680 3397; x_wconf 85' lang='lat' dir='ltr'>Amfitryone:</span> <span class='ocrx_word' id='word_1_238' title='bbox 704 3349 745 3359; x_wconf 95' lang='lat'>-</span> <span class='ocrx_word' id='word_1_239' title='bbox 770 3314 910 3390; x_wconf 68' lang='lat' dir='ltr'>‘ceresia</span> <span class='ocrx_word' id='word_1_240' title='bbox 935 3335 975 3376; x_wconf 89' lang='lat' dir='ltr'>nc</span> <span class='ocrx_word' id='word_1_241' title='bbox 998 3317 1032 3375; x_wconf 88' lang='lat' dir='ltr'>tu</span> <span class='ocrx_word' id='word_1_242' title='bbox 1057 3317 1089 3376; x_wconf 91' lang='lat' dir='ltr'>te</span> <span class='ocrx_word' id='word_1_243' title='bbox 1111 3333 1171 3375; x_wconf 92' lang='lat' dir='ltr'>usu</span> <span class='ocrx_word' id='word_1_244' title='bbox 1193 3311 1352 3393; x_wconf 84' lang='lat' dir='ltr'>perduis&#39;..</span> 
     </span>
     <span class='ocr_line' id='line_1_30' title="bbox 162 3430 237 3490; baseline -0.027 -1"><span class='ocrx_word' id='word_1_245' title='bbox 162 3430 237 3490; x_wconf 81' lang='lat'>307.</span> 
     </span>
    </p>

    <p class='ocr_par' dir='ltr' id='par_1_7' title="bbox 161 3517 1344 3714">
     <span class='ocr_line' id='line_1_31' title="bbox 165 3517 1344 3606; baseline -0.012 -12"><span class='ocrx_word' id='word_1_246' title='bbox 165 3528 342 3594; x_wconf 88' lang='lat' dir='ltr'>Viritim</span> <span class='ocrx_word' id='word_1_247' title='bbox 364 3527 484 3591; x_wconf 92' lang='lat' dir='ltr'>dictum</span> <span class='ocrx_word' id='word_1_248' title='bbox 508 3529 557 3588; x_wconf 88' lang='lat' dir='ltr'>est</span> <span class='ocrx_word' id='word_1_249' title='bbox 580 3522 753 3606; x_wconf 86' lang='lat' dir='ltr'>separatim</span> <span class='ocrx_word' id='word_1_250' title='bbox 777 3527 810 3585; x_wconf 93' lang='lat' dir='ltr'>et</span> <span class='ocrx_word' id='word_1_251' title='bbox 833 3543 889 3605; x_wconf 91' lang='lat' dir='ltr'>per</span> <span class='ocrx_word' id='word_1_252' title='bbox 912 3519 1056 3603; x_wconf 82' lang='lat' dir='ltr'>singulos</span> <span class='ocrx_word' id='word_1_253' title='bbox 1074 3520 1169 3582; x_wconf 89' lang='lat' dir='ltr'>viros.</span> <span class='ocrx_word' id='word_1_254' title='bbox 1203 3517 1247 3581; x_wconf 92' lang='lat' dir='ltr'>M.</span> <span class='ocrx_word' id='word_1_255' title='bbox 1264 3517 1344 3581; x_wconf 83' lang='lat' dir='ltr'>Tul·</span> 
     </span>
     <span class='ocr_line' id='line_1_32' title="bbox 161 3621 1344 3714; baseline -0.011 -15"><span class='ocrx_word' id='word_1_256' title='bbox 161 3636 224 3700; x_wconf 91' lang='lat' dir='ltr'>lius</span> <span class='ocrx_word' id='word_1_257' title='bbox 248 3635 286 3696; x_wconf 92' lang='lat' dir='ltr'>de</span> <span class='ocrx_word' id='word_1_258' title='bbox 309 3654 342 3696; x_wconf 91' lang='lat' dir='ltr'>re</span> <span class='ocrx_word' id='word_1_259' title='bbox 365 3628 535 3714; x_wconf 81' lang='lat' dir='ltr'>publica¹⁰</span> <span class='ocrx_word' id='word_1_260' title='bbox 557 3650 616 3692; x_wconf 74' lang='grc' dir='ltr'>-ι</span> <span class='ocrx_word' id='word_1_261' title='bbox 641 3649 677 3692; x_wconf 92' lang='lat' dir='ltr'>ac</span> <span class='ocrx_word' id='word_1_262' title='bbox 700 3627 822 3710; x_wconf 90' lang='lat' dir='ltr'>primus</span> <span class='ocrx_word' id='word_1_263' title='bbox 846 3648 950 3711; x_wconf 77' lang='lat' dir='ltr'>agros,</span> <span class='ocrx_word' id='word_1_264' title='bbox 976 3648 1056 3710; x_wconf 91' lang='lat' dir='ltr'>quos</span> <span class='ocrx_word' id='word_1_265' title='bbox 1079 3624 1164 3688; x_wconf 93' lang='lat' dir='ltr'>bello</span> <span class='ocrx_word' id='word_1_266' title='bbox 1183 3621 1344 3687; x_wconf 87' lang='lat' dir='ltr'>Romulus</span> 
     </span>
    </p>
   </div>
   <div class='ocr_carea' id='block_1_4' title="bbox 162 3782 371 3793">
    <p class='ocr_par' dir='ltr' id='par_1_8' title="bbox 162 3782 371 3793">
     <span class='ocr_line' id='line_1_33' title="bbox 162 3782 371 3793; baseline -0.024 -1"><span class='ocrx_word' id='word_1_267' title='bbox 162 3782 371 3793; x_wconf 79' lang='lat'>..-—-.-——.</span> 
     </span>
    </p>
   </div>
   <div class='ocr_carea' id='block_1_5' title="bbox 162 3849 1355 4450">
    <p class='ocr_par' dir='ltr' id='par_1_9' title="bbox 162 3849 1355 4450">
     <span class='ocr_line' id='line_1_34' title="bbox 252 3849 1345 3924; baseline -0.007 -14"><span class='ocrx_word' id='word_1_268' title='bbox 252 3859 277 3922; x_wconf 93' lang='grc'>1)</span> <span class='ocrx_word' id='word_1_269' title='bbox 295 3855 395 3924; x_wconf 86' lang='lat' dir='ltr'>recipit</span> <span class='ocrx_word' id='word_1_270' title='bbox 418 3855 469 3908; x_wconf 93' lang='lat' dir='ltr'>hoc</span> <span class='ocrx_word' id='word_1_271' title='bbox 494 3854 537 3906; x_wconf 90' lang='lat' dir='ltr'>est</span> <span class='ocrx_word' id='word_1_272' title='bbox 564 3855 594 3905; x_wconf 89' lang='lat' dir='ltr'>et</span> <span class='ocrx_word' id='word_1_273' title='bbox 621 3867 756 3920; x_wconf 81' lang='lat' dir='ltr'>maguam</span> <span class='ocrx_word' id='word_1_274' title='bbox 784 3850 877 3906; x_wconf 90' lang='lat' dir='ltr'>dotem</span> <span class='ocrx_word' id='word_1_275' title='bbox 908 3850 959 3904; x_wconf 87' lang='lat' dir='ltr'>dat</span> <span class='ocrx_word' id='word_1_276' title='bbox 985 3853 1014 3904; x_wconf 88' lang='lat' dir='ltr'>et</span> <span class='ocrx_word' id='word_1_277' title='bbox 1038 3866 1173 3919; x_wconf 78' lang='lat' dir='ltr'>magnam</span> <span class='ocrx_word' id='word_1_278' title='bbox 1193 3849 1345 3919; x_wconf 87' lang='lat' dir='ltr'>pecuniam</span> 
     </span>
     <span class='ocr_line' id='line_1_35' title="bbox 162 3937 1351 4010; baseline -0.009 -8"><span class='ocrx_word' id='word_1_279' title='bbox 162 3950 213 4002; x_wconf 78' lang='lat' dir='ltr'>ins.</span> <span class='ocrx_word' id='word_1_280' title='bbox 234 3944 317 4000; x_wconf 76' lang='lat' dir='ltr'>Gellii</span> <span class='ocrx_word' id='word_1_281' title='bbox 335 3945 443 4010; x_wconf 83' lang='lat'>(17,6,1)</span> <span class='ocrx_word' id='word_1_282' title='bbox 474 3938 865 4007; x_wconf 56' lang='lat' dir='ltr'>commanducantur,</span> <span class='ocrx_word' id='word_1_283' title='bbox 894 3955 943 3993; x_wconf 86' lang='lat' dir='ltr'>om.</span> <span class='ocrx_word' id='word_1_284' title='bbox 963 3937 1045 3992; x_wconf 82' lang='lat' dir='ltr'>Gellii</span> <span class='ocrx_word' id='word_1_285' title='bbox 1066 3939 1130 3992; x_wconf 76' lang='lat' dir='ltr'>libri</span> <span class='ocrx_word' id='word_1_286' title='bbox 1146 3939 1268 3992; x_wconf 82' lang='lat' dir='ltr'>meliores</span> <span class='ocrx_word' id='word_1_287' title='bbox 1287 3953 1351 3991; x_wconf 77' lang='lat' dir='ltr'>cum·</span> 
     </span>
     <span class='ocr_line' id='line_1_36' title="bbox 163 4025 1353 4096; baseline -0.009 -8"><span class='ocrx_word' id='word_1_288' title='bbox 163 4036 255 4089; x_wconf 84' lang='lat' dir='ltr'>Nonio</span> <span class='ocrx_word' id='word_1_289' title='bbox 275 4033 460 4087; x_wconf 74' lang='lat' dir='ltr'>Gellsunorum</span> <span class='ocrx_word' id='word_1_290' title='bbox 478 4028 657 4096; x_wconf 82' lang='lat' dir='ltr'>compilatore.</span> <span class='ocrx_word' id='word_1_291' title='bbox 683 4057 717 4066; x_wconf 95' lang='lat'>—</span> <span class='ocrx_word' id='word_1_292' title='bbox 743 4027 770 4095; x_wconf 84' lang='lat'>2)</span> <span class='ocrx_word' id='word_1_293' title='bbox 788 4025 888 4095; x_wconf 88' lang='lat' dir='ltr'>quam]</span> <span class='ocrx_word' id='word_1_294' title='bbox 909 4025 1021 4088; x_wconf 76' lang='lat' dir='ltr'>Gellius,</span> <span class='ocrx_word' id='word_1_295' title='bbox 1040 4042 1073 4079; x_wconf 88' lang='lat' dir='ltr'>ex</span> <span class='ocrx_word' id='word_1_296' title='bbox 1091 4042 1147 4093; x_wconf 88' lang='lat' dir='ltr'>qua</span> <span class='ocrx_word' id='word_1_297' title='bbox 1167 4025 1256 4078; x_wconf 75' lang='lat' dir='ltr'>Nonii</span> <span class='ocrx_word' id='word_1_298' title='bbox 1274 4025 1353 4090; x_wconf 74' lang='lat' dir='ltr'>libri„</span> 
     </span>
     <span class='ocr_line' id='line_1_37' title="bbox 166 4109 1345 4189; baseline -0.008 -14"><span class='ocrx_word' id='word_1_299' title='bbox 166 4122 225 4175; x_wconf 85' lang='lat' dir='ltr'>viro</span> <span class='ocrx_word' id='word_1_300' title='bbox 245 4139 282 4174; x_wconf 88' lang='lat' dir='ltr'>m.</span> <span class='ocrx_word' id='word_1_301' title='bbox 297 4119 323 4174; x_wconf 92' lang='lat' dir='ltr'>d.</span> <span class='ocrx_word' id='word_1_302' title='bbox 337 4135 360 4172; x_wconf 92' lang='lat' dir='ltr'>e.</span> <span class='ocrx_word' id='word_1_303' title='bbox 373 4117 520 4189; x_wconf 87' lang='lat' dir='ltr'>pecuniam</span> <span class='ocrx_word' id='word_1_304' title='bbox 539 4116 617 4170; x_wconf 80' lang='lat' dir='ltr'>tabet</span> <span class='ocrx_word' id='word_1_305' title='bbox 629 4114 740 4181; x_wconf 80' lang='lat' dir='ltr'>Gellius,</span> <span class='ocrx_word' id='word_1_306' title='bbox 759 4129 811 4167; x_wconf 83' lang='lat' dir='ltr'>om.</span> <span class='ocrx_word' id='word_1_307' title='bbox 824 4113 887 4166; x_wconf 66' lang='lat' dir='ltr'>lion</span> <span class='ocrx_word' id='word_1_308' title='bbox 902 4112 1029 4169; x_wconf 74' lang='lat' dir='ltr'>Noniani.</span> <span class='ocrx_word' id='word_1_309' title='bbox 1050 4141 1082 4151; x_wconf 93' lang='lat'><em>—</em></span> <span class='ocrx_word' id='word_1_310' title='bbox 1099 4113 1129 4178; x_wconf 82' lang='grc'>3)</span> <span class='ocrx_word' id='word_1_311' title='bbox 1141 4109 1260 4165; x_wconf 89' lang='lat' dir='ltr'>ricinum</span> <span class='ocrx_word' id='word_1_312' title='bbox 1275 4111 1345 4165; x_wconf 67' lang='lat' dir='ltr'>labri.</span> 
     </span>
     <span class='ocr_line' id='line_1_38' title="bbox 166 4199 1355 4274; baseline -0.011 -11"><span class='ocrx_word' id='word_1_313' title='bbox 166 4239 199 4250; x_wconf 98' lang='lat'>-</span> <span class='ocrx_word' id='word_1_314' title='bbox 219 4209 250 4274; x_wconf 82' lang='lat'>4)</span> <span class='ocrx_word' id='word_1_315' title='bbox 269 4211 297 4262; x_wconf 87' lang='lat' dir='ltr'>et</span> <span class='ocrx_word' id='word_1_316' title='bbox 316 4208 386 4261; x_wconf 77' lang='lat' dir='ltr'>libri.</span> <span class='ocrx_word' id='word_1_317' title='bbox 412 4235 445 4245; x_wconf 91' lang='lat'>—</span> <span class='ocrx_word' id='word_1_318' title='bbox 465 4207 493 4273; x_wconf 86' lang='grc'>5)</span> <span class='ocrx_word' id='word_1_319' title='bbox 511 4204 693 4274; x_wconf 88' lang='lat' dir='ltr'>publicanum</span> <span class='ocrx_word' id='word_1_320' title='bbox 712 4203 783 4255; x_wconf 77' lang='lat' dir='ltr'>libri.</span> <span class='ocrx_word' id='word_1_321' title='bbox 808 4231 840 4240; x_wconf 96' lang='lat'>-</span> <span class='ocrx_word' id='word_1_322' title='bbox 869 4201 898 4268; x_wconf 81' lang='lat'>6)</span> <span class='ocrx_word' id='word_1_323' title='bbox 918 4199 959 4270; x_wconf 89' lang='lat' dir='ltr'>ut]</span> <span class='ocrx_word' id='word_1_324' title='bbox 978 4216 1028 4253; x_wconf 75' lang='lat' dir='ltr'>osu.</span> <span class='ocrx_word' id='word_1_325' title='bbox 1049 4199 1156 4252; x_wconf 82' lang='lat' dir='ltr'>Nouius</span> <span class='ocrx_word' id='word_1_326' title='bbox 1174 4199 1260 4252; x_wconf 82' lang='lat' dir='ltr'>altero</span> <span class='ocrx_word' id='word_1_327' title='bbox 1280 4199 1355 4251; x_wconf 84' lang='lat' dir='ltr'>loco..</span> 
     </span>
     <span class='ocr_line' id='line_1_39' title="bbox 164 4284 1348 4364; baseline -0.012 -13"><span class='ocrx_word' id='word_1_328' title='bbox 164 4327 200 4338; x_wconf 90' lang='lat'>-</span> <span class='ocrx_word' id='word_1_329' title='bbox 219 4298 245 4361; x_wconf 82' lang='grc'>7)</span> <span class='ocrx_word' id='word_1_330' title='bbox 265 4295 306 4364; x_wconf 82' lang='lat' dir='ltr'>Cf.</span> <span class='ocrx_word' id='word_1_331' title='bbox 327 4294 424 4347; x_wconf 78' lang='lat' dir='ltr'>Festus</span> <span class='ocrx_word' id='word_1_332' title='bbox 441 4309 464 4346; x_wconf 85' lang='lat' dir='ltr'>u.</span> <span class='ocrx_word' id='word_1_333' title='bbox 483 4289 696 4360; x_wconf 82' lang='lat' dir='ltr'>Scripturarius.</span> <span class='ocrx_word' id='word_1_334' title='bbox 715 4319 749 4328; x_wconf 94' lang='lat'>-</span> <span class='ocrx_word' id='word_1_335' title='bbox 767 4289 795 4353; x_wconf 88' lang='grc'>8)</span> <span class='ocrx_word' id='word_1_336' title='bbox 815 4287 857 4354; x_wconf 81' lang='lat' dir='ltr'>Of.</span> <span class='ocrx_word' id='word_1_337' title='bbox 878 4287 974 4341; x_wconf 79' lang='lat' dir='ltr'>Festus</span> <span class='ocrx_word' id='word_1_338' title='bbox 992 4304 1016 4340; x_wconf 86' lang='lat' dir='ltr'>u.</span> <span class='ocrx_word' id='word_1_339' title='bbox 1035 4284 1245 4354; x_wconf 70' lang='lat' dir='ltr'>sexagenarios.</span> <span class='ocrx_word' id='word_1_340' title='bbox 1265 4315 1299 4325; x_wconf 92' lang='lat'>—</span> <span class='ocrx_word' id='word_1_341' title='bbox 1318 4284 1348 4351; x_wconf 86' lang='grc'>9)</span> 
     </span>
     <span class='ocr_line' id='line_1_40' title="bbox 166 4373 1355 4450; baseline -0.011 -13"><span class='ocrx_word' id='word_1_342' title='bbox 166 4385 214 4450; x_wconf 82' lang='lat' dir='ltr'>[sic</span> <span class='ocrx_word' id='word_1_343' title='bbox 230 4383 334 4450; x_wconf 74' lang='lat' dir='ltr'>scripsi,</span> <span class='ocrx_word' id='word_1_344' title='bbox 353 4380 479 4450; x_wconf 86' lang='lat' dir='ltr'>optinere</span> <span class='ocrx_word' id='word_1_345' title='bbox 499 4379 653 4448; x_wconf 87' lang='lat' dir='ltr'>quidquam</span> <span class='ocrx_word' id='word_1_346' title='bbox 673 4378 744 4433; x_wconf 77' lang='lat' dir='ltr'>libri.</span> <span class='ocrx_word' id='word_1_347' title='bbox 772 4376 823 4431; x_wconf 82' lang='lat' dir='ltr'>Ta.</span> <span class='ocrx_word' id='word_1_348' title='bbox 841 4375 888 4446; x_wconf 74' lang='lat' dir='ltr'>lt]</span> <span class='ocrx_word' id='word_1_349' title='bbox 908 4404 943 4415; x_wconf 90' lang='lat'><em>-</em></span> <span class='ocrx_word' id='word_1_350' title='bbox 963 4375 1008 4444; x_wconf 88' lang='lat'>10)</span> <span class='ocrx_word' id='word_1_351' title='bbox 1030 4373 1083 4428; x_wconf 75' lang='lat' dir='ltr'>(lic.</span> <span class='ocrx_word' id='word_1_352' title='bbox 1101 4373 1135 4427; x_wconf 82' lang='lat' dir='ltr'>de</span> <span class='ocrx_word' id='word_1_353' title='bbox 1152 4389 1210 4440; x_wconf 74' lang='lat' dir='ltr'>ap</span> <span class='ocrx_word' id='word_1_354' title='bbox 1229 4375 1355 4439; x_wconf 75' lang='lat'>2,14,26..</span> 
     </span>
    </p>
   </div>
   <div class='ocr_carea' id='block_1_6' title="bbox 0 0 1512 5040">
    <p class='ocr_par' dir='ltr' id='par_1_10' title="bbox 0 0 1512 5040">
     <span class='ocr_line' id='line_1_41' title="bbox 0 0 1512 5040; baseline 0 0"><span class='ocrx_word' id='word_1_355' title='bbox 0 0 1512 5040; x_wconf 95' lang='lat' dir='ltr'> </span> 
     </span>
    </p>
   </div>
  </div>
 </body>
</html>
