2992 5040
630 329 685 384 Lex
702 327 844 394 Quinctio.
1266 332 1328 394 115

213 558 260 574 ...
274 507 397 591 nequis
411 504 544 589 posthae
557 510 704 589 stuprum
717 503 908 568 edulterium
922 502 1021 566 facito
1036 505 1136 569 sciens
1148 504 1221 568 dolo
1233 506 1328 569 melo.

227 614 260 671 E
278 630 343 686 cap.
364 611 407 669 ΙΙ
424 617 450 684 ι(
456 609 605 682 ouranos
626 610 644 666 t.
667 609 691 666 I
706 608 741 666 de
762 608 946 666 adulteriie':
972 604 1056 674 Quod
1078 607 1122 665 eit
1140 606 1212 685 text)

239 707 421 794 [Paterni]
446 707 478 769 in
507 704 574 770 filie
606 706 678 787 [sue
706 726 801 788 quem
828 704 860 767 iu
888 707 1046 786 potestate
1073 703 1189 782 hebet,
1215 710 1271 770 eut
1297 705 1331 768 in

153 839 198 895 ee,
222 836 305 900 quae
332 812 382 875 eo'
407 818 535 876 erectore
558 832 628 875 cum
645 811 678 872 in
694 813 854 894 potestate
869 812 959 875 esset.
983 808 1052 871 viro
1067 807 1099 871 in
1113 831 1240 872 menum
1257 831 1331 873 oon-

157 919 298 1002 renerit.]
316 918 497 982 adulterum
514 914 609 995 [domi
626 937 702 978 suoe
718 914 867 996 geuerive
879 913 943 995 sui]
959 912 1211 996 deprehenderit,
1228 913 1333 998 [isque

155 1024 201 1089 in’
224 1047 295 1089 eam
319 1045 384 1087 rem
410 1041 554 1086 socerum
579 1017 772 1096 adhibuerit,
799 1018 860 1101 [lox
872 1016 1036 1103 permitiit]
1054 1023 1090 1082 ut
1112 1020 1139 1082 is
1155 1023 1246 1102 peter
1260 1041 1333 1082 eum

152 1129 332 1193 adulterum
356 1128 426 1192 sine
444 1124 556 1191 fraude
572 1123 704 1200 occidet,
721 1123 768 1187 ito
783 1123 832 1207 ut]
849 1123 882 1186 iu
899 1121 1075 1187 continenti
1090 1122 1188 1186 filiam
1200 1123 1332 1188 occidet.

229 1235 263 1291 Ε
272 1252 336 1306 cap.
353 1232 381 1290 V
396 1231 563 1307 (Ulpianus
574 1230 591 1285 I.
604 1227 646 1285 II
658 1228 698 1286 od
708 1229 726 1286 l.
740 1228 851 1286 Iuliam
861 1227 897 1285 de
907 1226 1093 1284 uelulteriis‘:
1114 1225 1216 1301 Capite
1229 1227 1333 1301 quinio

155 1330 225 1407 legis
246 1328 343 1388 Iuliae
365 1328 407 1384 ite
426 1327 548 1384 cavetur
569 1326 619 1381 ut:

240 1477 246 1490 .
274 1474 281 1489 .
305 1425 392 1508 [viro
417 1421 598 1488 adulterum
622 1421 655 1483 in
680 1440 777 1482 uxore
800 1441 858 1484 sua
880 1418 1127 1503 deprehensum,
1162 1442 1254 1505 quem
1279 1426 1335 1486 aut

154 1532 235 1596 nolit
256 1535 316 1595 eut
337 1551 400 1593 non
423 1529 518 1593 liceat
541 1523 692 1601 occidere,
716 1523 853 1589 retinere
876 1522 972 1587 hores
1000 1524 1129 1589 diurnas
1145 1530 1333 1592 noeturnae·

155 1659 214 1721 que
246 1635 414 1699 continues
447 1652 512 1695 non
541 1630 613 1714 plus
642 1650 737 1712 quam
772 1625 847 1713 XX]
879 1627 1043 1692 testandae
1071 1631 1138 1692 eius
1161 1631 1206 1694 rei
1229 1632 1336 1717 gratio

153 1741 236 1823 {siue
259 1739 373 1804 fraude
395 1760 452 1802 sue
477 1737 548 1799 iure
572 1735 667 1798 liceto
692 1730 744 1817 ..]

232 1844 265 1902 E
277 1861 342 1916 cop.
360 1842 430 1901 VII.
454 1841 620 1918 (Ulpianus
635 1840 653 1896 l.
670 1838 712 1896 II
728 1838 764 1896 de
783 1837 971 1895 adulteri-id:
993 1836 1078 1912 [regis
1091 1837 1186 1897 Iuliae
1200 1839 1236 1900 de
1251 1840 1337 1900 adul·

160 1940 240 1999 teriis
263 1939 359 2014 eapite
380 1937 505 2012 septimo
526 1935 569 1994 ito
588 1935 737 2006 eeveturz)

243 2084 251 2098 .
277 2082 283 2096 .
309 2057 348 2098 ue
371 2033 443 2119 quis
465 2032 551 2096 inter
574 2051 645 2095 reos
670 2030 789 2094 referet
812 2051 894 2107 eum,
919 2031 973 2114 qui
997 2036 1065 2094 tum
1088 2031 1157 2097 sine
1180 2033 1336 2099 detrecto·

156 2139 242 2204 tione
266 2138 312 2203 rei
336 2137 482 2222 publicae
506 2158 604 2201 causa
628 2135 788 2201 aberit..

237 2243 268 2300 E
281 2260 346 2316 cop.
362 2244 419 2300 ine.
442 2241 611 2316 (Ulpia-uus
625 2242 643 2298 t.
654 2239 708 2298 IV
718 2240 754 2297 de
768 2239 955 2298 adulteriis⁰:
976 2272 1014 2281 —
1034 2240 1080 2297 lex
1095 2240 1139 2298 ite
1152 2238 1252 2298 loeute
1265 2243 1337 2318 est)

245 2389 252 2402 .
271 2391 277 2403 .
296 2389 303 2403 .
322 2338 390 2424 [qui
415 2360 544 2402 uxorem
568 2337 601 2400 iu
619 2336 776 2400 adulterio
792 2335 1018 2420 deprehensam
1037 2334 1229 2423 retinuerit]‚
1248 2337 1339 2402 adul·

160 2451 261 2509 terum
285 2443 316 2507 in
342 2443 435 2508 domo
459 2442 693 2526 deprehensum
718 2441 885 2519 dimiserit,
909 2489 942 2505 ..

246 2619 297 2682 22.
338 2617 422 2682 Lex
447 2616 652 2692 Quinctia
681 2616 728 2680 de
751 2616 1101 2700 aquaeductibus
1126 2643 1152 2682 a.
1179 2620 1252 2682 745.

229 2757 306 2812 Haec
330 2758 373 2811 lex
394 2774 413 2810 a
432 2755 568 2809 Frontino
593 2757 623 2808 in
648 2755 745 2808 librum
770 2755 801 2809 de
819 2758 898 2824 aquae
916 2758 991 2811 urbes
1011 2757 1112 2811 Romae
1130 2774 1150 2812 c.
1170 2760 1220 2812 129
1237 2765 1342 2828 recepta

159 2847 277 2899 omnium
295 2844 394 2914 popuii
411 2842 531 2896 Romani
548 2842 634 2911 lequm
652 2859 709 2896 uno
726 2844 831 2912 iuteyra
850 2860 909 2897 eum
925 2845 1007 2913 plenu
1016 2847 1229 2914 praescriptione
1240 2846 1342 2901 tradito

160 2939 205 2986 eet.
244 2933 356 2987 Teoetum
381 2937 538 2999 eorruptum
563 2931 711 2984 erneuduoit
735 2937 760 2985 et
783 2931 915 3000 supplevit
936 2933 1082 2986 Buecheler
1105 2934 1134 2986 iu
1152 2932 1190 2986 ed.
1213 2931 1344 2987 reantur·

164 3038 186 3075 u.
205 3023 281 3087 1858,
299 3019 347 3074 sed
363 3034 429 3073 usus
446 3018 626 3087 recoquite'one
645 3018 710 3071 lutri
723 3017 875 3074 eaemso
893 3037 947 3073 nou
966 3023 1075 3089 optineo,
1094 3038 1173 3089 queem
1196 3021 1343 3075 eruendooe't

160 3108 325 3175 -eepleeitque
346 3106 510 3174 Peteetemy,
536 3104 644 3159 Wiener
662 3104 776 3160 Studien
794 3111 811 3160 6
831 3110 923 3173 (1884)
939 3125 967 3176 p.
986 3111 1039 3160 249
1056 3124 1093 3175 oq.

248 3231 285 3298 Τ.
311 3230 479 3309 Quinctius
501 3227 668 3314 Crispinus
699 3230 831 3296 oonsul⁷
865 3232 1019 3316 populum
1042 3231 1110 3296 iure
1135 3233 1262 3314 rogavit
1285 3254 1342 3318 po-

165 3338 319 3421 pulusque
342 3335 411 3399 iure
434 3334 527 3398 scivit
550 3335 583 3398 in
607 3334 679 3400 foro
702 3358 760 3419 pro
783 3337 895 3401 rostris
920 3337 1006 3401 aedis
1030 3337 1094 3400 divi
1118 3335 1192 3402 Iulii
1216 3338 1343 3422 prodiet

166 3440 234 3522 [uf]
259 3438 368 3504 Iulios.
405 3437 538 3502 'fribus'
563 3436 675 3524 Sergia
700 3439 890 3523 principium
909 3438 983 3518 fuit,
1000 3462 1057 3525 pro
1074 3441 1160 3505 tribu
1179 3440 1249 3506 Sex.
1262 3495 1268 3508 .
1283 3493 1289 3507 .

166 3543 198 3608 L.
220 3544 244 3609 f.
270 3543 367 3607 Virro
391 3541 529 3628 [primus
553 3542 704 3627 scivit¹⁰].

168 3699 286 3767 primum
311 3701 399 3767 ceput
423 3697 494 3766 legio
520 3695 612 3750 luliue
637 3695 671 3749 de
696 3695 845 3750 adulteriis
864 3697 1004 3767 prioribus
1023 3697 1134 3766 tegibus
1153 3699 1280 3768 pluribus
1299 3701 1346 3757 ob·

167 3788 248 3854 roget
267 3784 400 3854 (obrogat
418 3784 507 3852 ueri„
525 3781 646 3838 seeundo
666 3799 730 3839 vero
748 3783 841 3853 eapite
860 3783 1002 3853 permittit
1020 3785 1100 3854 patri
1122 3793 1168 3840 eet.

236 3873 262 3938 1)
281 3872 319 3929 D.
327 3874 504 3939 aestuum),
516 3887 557 3940 pr.
568 3875 592 3923 4.
619 3870 703 3925 Verte
715 3872 822 3925 inclusa
836 3871 941 3926 Foedus
954 3872 971 3926 t.
983 3873 1000 3925 t.
1013 3874 1102 3941 refert.
1124 3873 1166 3942 Cf.
1178 3874 1243 3929 0011.
1253 3879 1346 3942 4,12,r.

170 3960 246 4014 Paul.
265 3965 332 4014 serit.
345 3962 442 4026 2.26‚1.
460 3987 493 3997 -
513 3958 540 4022 2)
557 3958 615 4012 Ins.
628 3958 763 4012 Rttoeue.
783 3986 818 3999 —
835 3958 865 4026 3)
885 3959 963 4028 ioque
975 3959 1003 4012 in
1017 3959 1143 4028 Setultre,
1161 3964 1220 4017 iere
1237 3962 1267 4016 in
1280 3963 1348 4027 Mo..

167 4048 195 4102 iu
206 4064 291 4118 quem
302 4047 374 4102 uon
401 4077 421 4087 -
433 4047 462 4117 4)
478 4047 514 4101 D.
523 4049 695 4114 46,5.26(25)‚
704 4063 748 4116 pr.
760 4052 775 4100 5
788 4048 868 4100 verto
879 4048 958 4101 uuee'e
969 4049 1074 4102 inclusa
1085 4055 1227 4118 postquam
1242 4049 1280 4103 od
1290 4066 1347 4104 een·

167 4136 277 4188 tottam
293 4135 400 4189 retum
417 4141 658 4203 oommeututueque
674 4143 719 4198 eet,
735 4138 825 4205 peresi
845 4137 898 4190 eie:
925 4135 1002 4200 Quod
1023 4137 1157 4192 edicitur:
1184 4137 1348 4194 ‘testandae'

167 4228 213 4276 eu.
230 4250 267 4264 -
284 4222 315 4291 u)
333 4221 607 4289 D.48,5,16(15)‚1.2.
626 4253 660 4260 -
678 4223 707 4286 o)
721 4221 759 4276 D.
769 4225 946 4290 euseoieo),
956 4240 999 4292 pr.
1027 4223 1070 4292 of.
1084 4224 1162 4278 Paul.
1176 4229 1349 4293 seneeeee.

170 4308 233 4363 cue.
245 4313 343 4377 dm.
360 4339 389 4349 -
414 4311 442 4379 7)
459 4311 490 4364 iu
507 4310 585 4364 trotu
603 4311 702 4365 codiee
719 4312 802 4364 trr'um
820 4317 888 4374 (nou
907 4313 979 4378 octo)
998 4312 1148 4366 litterarum
1162 4319 1249 4382 potest
1267 4315 1348 4366 iuter·

162 4394 261 4451 edim
278 4395 313 4450 de
327 4396 465 4467 deuotus)
477 4398 643 4467 e(eutentie)
657 4397 713 4452 Mo.
734 4427 765 4437 -
780 4397 808 4469 8)
821 4397 848 4453 k.
861 4397 957 4461 deficit.
967 4428 1002 4437 -
1015 4401 1046 4467 9)
1058 4399 1145 4454 tribui
1158 4401 1246 4454 codex.
1261 4431 1290 4440 -
1308 4399 1349 4468 10)

1097 4497 1138 4550 ge
