2992 5040
536 1218 661 1304 PARS
687 1217 849 1301 PRIMA.

475 1397 899 1496 LEGES.

582 1609 796 1682 CAPUTI.

394 1781 995 1865 ituesntutnt.

178 1973 329 2043 Scriptores
347 1975 466 2030 Rornoni
482 1977 571 2029 omnia
584 1976 645 2042 fere
662 1977 844 2044 antiquissimi
859 1978 927 2030 iuris
945 1979 1069 2046 vestique,
1086 1977 1161 2046 'qnae
1178 1977 1281 2028 invene-

103 2068 175 2129 runt,
195 2080 288 2131 requm
307 2063 408 2131 lapibus
425 2063 540 2115 tribucre
559 2068 727 2128 corisuemmt,
746 2079 801 2116 non
819 2064 981 2130 inquirentes
997 2071 1088 2118 utram
1106 2081 1165 2118 uere
1182 2064 1282 2132 lapibus

103 2165 138 2200 an
158 2150 278 2203 moribus
296 2150 382 2204 atione
399 2149 477 2203 modo
495 2155 579 2202 essent
596 2149 764 2216 introducto;
782 2150 852 2203 unde
869 2167 967 2218 maqna
984 2151 1059 2218 opud
1075 2166 1124 2204 nos
1138 2157 1231 2204 enorto
1243 2155 1282 2203 est

101 2235 229 2290 dissensio
256 2253 387 2304 quaenam
417 2238 459 2291 iris
482 2238 687 2291 narrationibus
706 2237 774 2304 fidas
792 2238 913 2291 habenda
930 2240 973 2292 sit.
1011 2237 1107 2307 Qstarc,
1127 2255 1185 2291 ciem
1203 2253 1280 2290 acon·

100 2325 187 2378 ratius
204 2326 235 2377 in
259 2342 314 2378 rem
332 2327 466 2393 inquirere
488 2327 518 2378 in
537 2326 586 2380 boc
605 2327 673 2379 istro
690 2341 745 2378 non
763 2327 849 2393 liccat,
868 2342 956 2380 omncs
973 2327 1109 2394 composui
1125 2325 1204 2391 locos,
1222 2325 1281 2392 qui-

100 2409 148 2464 ou
167 2411 199 2464 eie
216 2428 308 2481 requm
326 2413 457 2466 institutis
482 2414 632 2482 leqibusque
650 2415 757 2482 oqitur,
775 2415 873 2467 omissa
891 2415 1044 2482 quaestione
1063 2414 1094 2466 de
1108 2427 1171 2467 uera
1188 2427 1281 2465 earnm

102 2506 210 2552 notura.
249 2500 383 2554 Praemssi
405 2503 542 2569 qeneratia
561 2508 676 2556 oeternum
695 2503 845 2556 testimonia
869 2508 923 2556 tam
942 2501 973 2554 de
992 2500 1092 2570 leuibus
1109 2501 1183 2568 ipsus,
1202 2513 1282 2566 quom
1338 2564 1341 2569 μ

100 2585 135 2639 de
151 2588 213 2639 iure
231 2587 390 2654 Papiriano,
411 2590 483 2655 quod
499 2591 713 2657 antiquissimam
732 2590 817 2659 lequm
829 2591 962 2658 reqionum
975 2589 1151 2642 collectionem
1164 2586 1284 2640 Romani

101 2674 301 2729 casstmeotant.
339 2676 380 2744 Cf.
395 2677 523 2744 Dirtscn,
548 2677 736 2731 Uetertteitset
753 2695 776 2730 o.
790 2677 815 2730 d.
826 2676 951 2731 Gessium
968 2677 993 2731 d.
1005 2680 1071 2730 rim.
1082 2675 1194 2743 Kitnsqc.
1213 2675 1283 2726 1823

99 2761 251 2826 (Verrucius
267 2779 291 2817 a.
311 2762 408 2816 Kritit
427 2764 453 2818 d.
471 2768 537 2817 rim.
558 2763 665 2823 Rechts.
695 2763 742 2819 VI.
757 2781 786 2832 p.
804 2766 947 2831 234—58).
990 2762 1082 2832 Voiqt,
1109 2761 1153 2815 stt.
1171 2760 1197 2814 d.
1216 2760 1284 2829 tapes

96 2849 195 2916 requae.
225 2852 293 2903 1876
321 2849 425 2920 (Leips.
455 2852 526 2904 non.
555 2854 741 2918 7,555=826).
782 2850 905 2917 Rubino,
933 2855 999 2904 riim.
1033 2849 1104 2918 Vers.
1133 2849 1282 2902 399-430.

98 2934 261 3003 Scitweqier,
291 2941 357 2989 rom.
377 2936 645 3005 Gesctc.1,23-28.
682 2939 795 3006 Zumpt,
819 2943 884 2992 rim.
907 2937 1109 2992 Criminatrectt
1133 2940 1155 2998 1,
1174 2937 1283 2988 15-41.

98 3023 260 3090 Morumsen,
278 3030 344 3079 riim.
364 3023 530 3081 Staatsrcctrt
549 3025 703 3094 2⁸,3o-47.

180 3167 208 3229 1.
223 3164 420 3247 Pomponius
432 3168 578 3232 enotsirut.
590 3166 843 3248 (D.1‚2‚2‚1.2):
860 3213 884 3230 ..
897 3165 990 3229 initio
1002 3165 1141 3229 civitatis
1153 3167 1282 3227 nostrae

98 3270 238 3354 populus
261 3270 329 3334 sine
351 3268 423 3355 lege
446 3278 541 3354 oerta,
565 3272 633 3336 sine
655 3272 724 3335 iure
747 3275 833 3335 certo
856 3270 993 3354 primum
1019 3291 1113 3355 agere
1128 3267 1279 3346 instituit,

102 3375 277 3459 omnisque
299 3398 396 3439 manu
419 3399 438 3439 s
464 3376 594 3463 regibus
617 3374 887 3462 gubernabantur.
928 3374 1043 3439 Postea
1058 3379 1151 3439 suctu
1167 3374 1207 3437 ad
1223 3372 1282 3436 uli-

100 3502 198 3564 quem
222 3480 350 3544 modum
375 3481 505 3546 civitate
528 3481 632 3564 ipsum
650 3478 821 3543 Romulum
842 3479 981 3543 traditur
1004 3478 1157 3563 populum
1173 3477 1205 3540 in
1222 3476 1283 3540 tri-

99 3586 196 3672 ginta
220 3590 328 3669 partes
352 3585 511 3664 divisisse,
544 3608 622 3670 quas
645 3589 753 3669 partes
783 3583 886 3648 cernas
910 3583 1092 3667 appellavit,
1116 3620 1158 3628 —
1183 3581 1283 3646 etita

99 3690 192 3775 leges
224 3690 377 3774 quasdam
410 3695 442 3754 et
464 3691 531 3775 ipse
561 3692 698 3755 curiates
723 3690 762 3754 sd
784 3688 938 3774 populum
961 3689 1050 3752 tulit:
1083 3687 1228 3751 tulerunt
1250 3690 1283 3750 et

99 3802 271 3879 sequentes
294 3817 394 3881 reges.
424 3818 505 3881 quse
530 3819 638 3861 omues
661 3795 857 3879 conscriptae
880 3797 1008 3858 exstant
1031 3792 1063 3855 in
1087 3792 1169 3856 libro
1194 3789 1283 3855 Sexti

99 3899 235 3982 Papirii,
259 3901 314 3983 qui
337 3901 400 3964 fuit
419 3901 485 3965 illis
500 3903 707 3986 temporibus,
731 3900 847 3984 quibus
863 3898 1023 3983 Superbus
1038 3895 1205 3962 Demarati
1220 3893 1281 3959 Co-

98 4004 216 4069 rinthii
241 4006 348 4084 filius,
380 4029 418 4071 ex
441 4006 671 4091 principalibus
694 4006 780 4071 viris.
814 4005 841 4069 is
864 4004 1008 4069 liber-
1032 4000 1283 4088 appellatorios

100 4110 197 4176 civile
220 4109 436 4194 Papirianum.
485 4112 515 4177 2.
553 4113 681 4176 Tacitus
704 4114 911 4194 (aun.3,26):
943 4107 1048 4174 Nobis
1070 4107 1225 4172 Romulus
1247 4109 1285 4169 ut

100 4215 233 4281 libitum
264 4217 525 4301 imperitaverst,
559 4217 630 4281 dein
653 4215 763 4282 Numa
793 4214 1002 4299 religionibus
1031 4218 1064 4277 et
1086 4210 1193 4276 divino
1216 4210 1284 4274 iure

109 4321 263 4405 populum
287 4321 446 4402 devinxit,
478 4327 666 4407 repertaque
697 4321 850 4407 quaedum
880 4318 1016 4384 s'Pullo
1040 4324 1072 4382 et
1095 4317 1198 4392 Anco,
1230 4314 1284 4378 sed

153 4433 244 4490 nuans,
262 4433 352 4479 ronta
369 4432 436 4479 runs,
474 4434 518 4480 sa.
538 4433 582 4480 v1.
1059 4423 1071 4473 1
