2992 5040
571 325 626 383 Iaex
645 327 720 383 Iulia
738 327 863 397 agraria.
1246 332 1287 398 97

201 505 241 570 Κ.
276 506 310 570 L.
334 504 408 570 1111.
455 505 517 582 eri
542 505 659 570 limites
690 505 919 588 decumanique
950 503 1010 570 hac
1037 506 1123 590 lege¹
1148 505 1289 573 deducti¹

108 617 213 690 erunt,
237 633 456 696 quaecumque
479 610 585 675 fossae
607 608 774 675 limitaies³
799 610 832 673 in
857 631 894 674 eo
916 629 994 695 agro
1017 615 1120 687 erunt,
1143 613 1198 697 qui
1212 633 1289 697 ager

109 715 168 781 hac
191 715 279 802 lege‘
303 717 397 781 datus
420 716 607 799 adsignatus
623 713 695 790 erit,
720 735 759 778 ne
775 712 847 798 quis
863 712 933 778 eos⁶
947 712 1066 778 limites
1082 715 1288 782 decumanos·

107 819 185 906 qne⁰
211 820 381 906 obsaeptos
403 842 482 884 neve
505 819 580 903 quid
604 819 637 882 in
654 818 698 884 eis
713 814 880 882 molitnm⁷
907 839 985 882 neve
1005 820 1082 903 quid
1096 817 1142 884 ibi
1157 843 1290 906 opsaep·

109 926 194 992 tum8
223 926 359 1004 habeto,
391 945 470 988 neve
497 944 551 988 eos
579 927 686 998 arato,
720 943 799 987 neve
831 921 892 987 eis⁹
916 922 1017 987 fossas
1041 930 1191 1008 opturato
1213 948 1293 991 nere

108 1031 320 1116 opsaepito¹⁰‚
345 1029 515 1115 quominus
538 1050 595 1092 sno
618 1028 732 1092 itinere
748 1049 831 1111 aqna
846 1028 892 1091 ire
912 1026 1010 1092 fluere
1025 1030 1134 1112 possit
1169 1028 1290 1115 Siquis

108 1138 261 1203 adversus
292 1159 329 1200 ea
352 1135 427 1220 quid
458 1134 582 1211 fecerit,
614 1131 673 1197 is¹¹
698 1132 731 1196 in
760 1154 809 1196 res
832 1131 986 1215 singulas,
1009 1133 1291 1218 quotienscumque

110 1240 234 1320 feeerit,
260 1240 307 1304 Hs
329 1237 426 1304 1111¹¹
449 1240 570 1305 colonis
592 1239 844 1322 municipibusve
866 1241 921 1317 eis,
943 1238 977 1302 in
1000 1260 1136 1322 quorum
1159 1261 1237 1325 agro
1260 1242 1293 1306 id

110 1348 231 1412 iactum
256 1343 362 1424 erit¹³‚
394 1345 468 1409 dare
491 1345 622 1409 damnas
650 1350 727 1421 esto,
759 1344 890 1427 eiusque
913 1343 1098 1425 pecnniae¹⁴
1125 1345 1181 1429 qni
1208 1346 1293 1410 volet

107 1452 223 1536 petitio
250 1450 311 1515 hac
334 1449 436 1535 lege¹⁶
461 1454 538 1513 esto.

200 1556 241 1620 Κ.
257 1555 291 1620 L.
305 1553 345 1621 V.
374 1553 435 1630 Qui
451 1553 511 1618 hac
527 1555 597 1638 lege
613 1551 769 1618 coloniam
786 1550 961 1627 deduxerit,
978 1552 1184 1636 municipium
1199 1576 1291 1637 prae·

112 1663 267 1728 facturam
291 1659 396 1723 forum
413 1657 693 1722 conciliabulum¹⁰
709 1655 923 1734 constitnerit,
939 1657 970 1719 in
988 1679 1024 1720 eo
1040 1678 1129 1739 agro,
1146 1659 1200 1742 qui
1216 1679 1294 1743 ager

111 1768 198 1831 intra
221 1765 301 1829 fines
319 1763 419 1828 eins¹'
442 1763 584 1827 coloniae
600 1760 765 1846 municipii
782 1759 845 1823 fori
861 1761 1062 1826 conciliabuli
1079 1761 1294 1845 praefecturae

111 1871 183 1948 erit,
206 1871 328 1935 limites
352 1867 579 1952 decumaniqne
604 1873 641 1930 ut
663 1866 743 1930 fiant
765 1864 957 1949 terminique
972 1871 1155 1931 statuantur
1170 1870 1294 1932 curato:

112 1974 291 2060 quosque¹⁸
309 1974 388 2038 fines
403 1974 450 2037 ita
465 1972 623 2050 statuerit,
640 1971 698 2035 ii¹⁹
713 1970 792 2035 fines
808 1992 918 2036 eorum
933 1977 1037 2050 sunto,
1059 1972 1134 2036 dum
1149 1995 1189 2038 ne
1205 1978 1295 2039 extra

113 2101 228 2164 agrum
261 2079 438 2144 colonicum
462 2073 735 2141 territorinmve¹⁰
767 2075 847 2141 fines
871 2075 974 2140 ducat.
1020 2075 1145 2160 Quique
1167 2079 1295 2143 termini

117 2185 176 2250 hac
198 2186 270 2270 lege
293 2183 408 2246 statuti
431 2186 534 2258 erunt,
560 2182 686 2266 nequis
702 2204 922 2267 eornmqnem
938 2181 1030 2245 eicito
1046 2203 1125 2246 neve
1141 2182 1210 2247 loco
1225 2206 1294 2247 mo-

116 2295 187 2353 veto
211 2288 315 2353 sciens
337 2288 411 2352 dolo
435 2287 530 2351 mato.
577 2270 706 2370 Siquis
729 2286 878 2351 adversus
902 2285 1090 2363 antecedi,
1123 2286 1151 2349 ia
1174 2288 1207 2350 in
1229 2292 1294 2351 ter·
1334 2370 1337 2376 .

115 2395 218 2458 minos
242 2393 405 2478 singulos,
438 2413 517 2476 quos
542 2391 669 2456 eiecerit
691 2391 800 2455 locove
823 2390 960 2454 moverit
982 2389 1083 2455 sciens
1106 2391 1296 2469 dolomate,

118 2497 222 2563 HSV
254 2498 370 2580 m(ilia)
403 2498 597 2579 n(ummum)
627 2496 660 2559 in
690 2494 851 2579 publicum
887 2516 1012 2573 eorum,
1046 2518 1181 2580 quorum
1212 2497 1297 2561 intra

117 2602 195 2666 fines
229 2602 456 2685 iungerent,
489 2602 565 2666 dare
587 2601 718 2664 damnas
742 2598 857 2675 est0¹¹3
891 2600 992 2684 deque
1015 2623 1109 2679 aare
1131 2603 1296 2679 curatoris,

116 2709 172 2791 qui
195 2708 255 2771 hac
278 2706 349 2792 lege
371 2707 447 2784 erit,
483 2706 561 2770 iuris
594 2705 691 2769 dictio
716 2705 1027 2791 reciperatornmque
1049 2707 1136 2772 datio
1160 2705 1297 2771 addictio

118 2819 193 2877 esto.
240 2811 321 2877 Cum
350 2817 479 2876 curator
508 2811 569 2876 hac
598 2811 668 2895 lege
691 2832 755 2875 non
779 2810 855 2888 erit,
887 2815 956 2875 tum
980 2812 1172 2896 quicumque
1193 2812 1296 2896 magi·

117 2922 237 2982 stratus
269 2919 304 2981 in
333 2939 371 2982 ea
399 2917 523 2981 colonia
553 2915 728 2998 municipio
761 2915 962 2998 praefectura
994 2917 1066 2980 foro
1089 2914 1297 2980 conciliabulo

118 3021 185 3086 iure
208 3022 345 3086 dicundo
366 3021 514 3104 praeerit,
546 3021 614 3084 eius
641 3021 849 3105 magistratus
875 3020 912 3083 dc
935 3042 972 3084 ea
994 3043 1029 3085 re
1050 3020 1225 3084 iurisdictio
1248 3020 1297 3082 iu-

118 3125 258 3209 diciaque
287 3127 374 3192 datio
401 3127 537 3191 addictio
562 3131 655 3202 est03
691 3126 788 3210 inque
811 3147 880 3189 eam
904 3147 969 3189 rem
994 3126 1036 3203 is,
1069 3125 1124 3209 qui
1147 3126 1206 3188 hac
1229 3124 1299 3208 lege

120 3229 271 3295 iudicium
305 3232 440 3308 dederit,
471 3229 607 3294 testibus
641 3229 767 3313 publice
802 3231 976 3293 dumtaxat
1009 3231 1043 3294 in
1074 3252 1124 3294 res
1155 3226 1298 3311 singulas

191 3432 216 3497 1)
242 3431 296 3486 hac
312 3431 388 3504 lege]
418 3435 495 3488 intra
514 3435 582 3490 fines
601 3436 729 3491 coloniae
749 3436 904 3492 Genetiraa
924 3434 990 3489 Gen.
1008 3465 1042 3475 -
1062 3436 1089 3504 2)
1108 3436 1231 3505 factique
1248 3436 1300 3489 irre.

121 3515 186 3574 Gen.
215 3550 249 3557 -
278 3521 305 3587 3)
325 3520 428 3574 limites
447 3522 514 3575 libri.
546 3553 579 3562 -
608 3525 636 3591 4)
655 3523 703 3591 qni
722 3554 756 3562 -
775 3523 849 3593 lege]
874 3523 921 3592 qui
944 3523 1022 3576 iussu
1041 3521 1070 3576 C.
1092 3522 1217 3577 Caesarie
1234 3521 1300 3577 dict.

122 3603 188 3673 imp.
212 3610 243 3660 et
268 3606 331 3676 lege
355 3608 480 3663 Antonia
505 3611 594 3663 senat.
615 3626 668 3678 que
687 3625 709 3662 c.
729 3610 766 3679 pl.
787 3626 841 3679 que
860 3626 895 3663 sc.
916 3608 1120 3678 egerden-
1141 3613 1167 3673 5)
1185 3627 1230 3666 eos
1250 3628 1300 3665 om.

121 3692 187 3747 Gen.
212 3722 245 3732 -
273 3694 301 3766 6)
319 3693 541 3766 decumanoaqne
561 3694 642 3763 Gen,
672 3696 876 3752 decumanoane
894 3697 1049 3751 aimsiiternc
1067 3698 1131 3752 latri
1146 3700 1248 3769 scripti.
1266 3730 1301 3738 -

124 3779 148 3843 ’1)
167 3778 197 3833 in
216 3780 256 3835 eia
275 3780 352 3851 mot]
370 3781 540 3837 immolitum
560 3782 627 3837 Gen.
649 3813 682 3822 -
701 3784 728 3853 8)
748 3782 909 3852 oppositum
926 3784 996 3837 liora.
1015 3814 1050 3825 -
1071 3787 1100 3853 9)
1118 3785 1158 3840 eis
1176 3786 1300 3840 lidrimc

122 3865 200 3921 liores
217 3874 242 3922 ct
263 3869 329 3923 Gen.
338 3888 348 3935 ;
365 3871 512 3937 requiritur
530 3886 577 3924 eas
595 3870 637 3923 cel
657 3869 728 3938 quis.
749 3900 777 3909 -
803 3870 847 3938 10)
870 3871 1024 3941 opsaepito]
1044 3872 1091 3940 qui
1104 3873 1212 3942 saepito
1230 3874 1301 3927 libri.

124 3982 157 3993 -
183 3956 225 4020 ll)
243 3956 267 4010 is
285 3973 335 4010 om.
356 3957 425 4011 libri.
454 3987 487 3997 —
517 3956 560 4025 12)
583 3956 628 4010 HS
647 3969 688 4016 00
709 3957 774 4013 Gen.
803 3988 838 3998 -
867 3958 910 4025 13)
936 3957 1091 4013 colonis-
1111 3959 1218 4014 sactum
1237 3960 1302 4031 erit]

122 4042 251 4113 c(olonis)
269 4043 344 4112 c(ol.)
362 4043 453 4113 G(en.)
465 4045 540 4112 nul.)
560 4044 627 4098 Gen.
646 4073 679 4085 -
700 4047 744 4114 14)
756 4047 869 4116 eiusque
882 4045 1027 4116 pecunius]
1041 4047 1212 4117 pecuniaque
1232 4049 1300 4103 libri.

125 4159 156 4167 -
179 4132 221 4197 15)
239 4130 293 4184 hac
306 4131 376 4200 lege]
396 4130 604 4201 persecutioque
623 4132 689 4186 Gen.
711 4164 744 4174 -
765 4135 810 4204 16)
828 4133 1018 4190 conciliabula
1032 4134 1101 4189 libri.
1121 4165 1154 4174 —
1175 4136 1219 4203 17)
1232 4136 1302 4189 eina·

122 4217 170 4284 qni
190 4219 231 4272 ccl
250 4218 380 4287 ainaqnas
398 4219 468 4272 libri.
494 4247 527 4258 -
555 4218 599 4287 18)
617 4236 725 4288 qnoque
744 4221 785 4274 vel
805 4221 908 4290 quique
927 4220 998 4273 libri.
1025 4252 1057 4263 -
1087 4221 1130 4290 19)
1149 4221 1179 4289 ii]
1198 4221 1221 4274 si
1240 4222 1305 4276 Iitrr'

122 4304 182 4371 clii,
200 4304 252 4359 clii
268 4321 320 4361 om.
351 4337 382 4346 -
411 4305 457 4374 20)
475 4305 520 4376 ve]
542 4308 574 4359 nt
594 4307 658 4361 libri
675 4308 732 4375 alii,
751 4309 803 4363 alii
819 4324 869 4363 om.
893 4338 927 4347 -
946 4308 991 4375 21)
1009 4307 1076 4361 dare
1094 4307 1212 4361 damnas
1231 4309 1302 4378 esto]

123 4390 224 4448 adesto
242 4393 312 4449 latri.

170 4505 263 4560 anuas,
282 4505 370 4551 nonu
389 4506 457 4552 rura.
484 4506 530 4551 nn.
551 4506 596 4552 vn
1079 4484 1094 4532 7
