2992 5040
204 323 246 386 92
689 320 909 386 agrimensores.

205 533 244 542 —-
264 497 301 559 F.
317 502 370 560 43.
395 497 436 559 A.
456 503 505 560 74.
530 497 572 559 Η.
593 499 663 559 129.
681 532 725 542 -
743 495 809 574 (ΕΙΣ
831 496 943 558 Frorrt.
960 501 1054 559 AM:
1077 494 1153 558 ·1)e¹
1170 495 1250 561 loco.
1272 497 1299 558 si
1317 517 1393 578 pos·

202 604 300 666 sessio
324 601 443 683 petenti
468 601 561 664 firma
584 606 642 673 est,
667 602 765 664 etiam
789 601 978 664 interdicere
1002 599 1102 665 lieet².
1128 601 1205 663 dum
1222 606 1331 664 uetera
1353 623 1391 663 ex

203 707 374 772 interdicto
405 706 576 790 diligenter
609 707 841 789 peragantur³z
877 727 994 789 magua
1022 707 1107 769 enim
1132 706 1204 769 alea
1227 711 1277 770 est
1299 705 1392 768 litem

203 813 242 875 ad
265 812 472 875 interdictum
496 811 659 877 deducere.
685 812 776 874 cuius
799 816 848 874 est
870 813 1016 874 executio
1039 810 1310 893 perplexissima⁴.
1359 808 1393 874 Si

206 940 279 981 vero
303 919 460 999 possessio
483 918 588 979 minus
614 916 706 979 firma
729 922 788 991 est,
814 922 938 978 mutata
961 915 1102 979 formula
1126 917 1195 979 iure
1214 915 1393 989 Quiritium

205 1023 271 1105 peti
294 1022 389 1085 debet
413 1023 590 1103 proprietas
615 1020 712 1102 loei')

294 1125 341 1210 (ὃ)
374 1125 422 1190 De
447 1125 564 1187 modo
587 1126 803 1188 controversia
826 1131 875 1188 est
899 1126 931 1187 in
948 1147 1028 1210 agro
1050 1126 1237 1209 adsignata:
1262 1128 1374 1210 agitur

154 1235 289 1296 ¹⁴·euiru
315 1233 354 1295 de
377 1231 583 1314 antiquorum
609 1231 773 1294 nominum
797 1233 926 1314 propria
949 1231 1148 1305 defensione;
1175 1270 1210 1278 -
1238 1239 1271 1295 et
1291 1233 1323 1295 in
1342 1254 1394 1296 ce·

205 1339 283 1402 teris
306 1338 394 1420 agris
416 1338 455 1399 de
471 1337 566 1399 modo
591 1336 628 1398 fit
642 1337 870 1403 controversia.
894 1339 1042 1419 quotiens
1059 1337 1263 1419 promissioni
1279 1337 1395 1401 modus

205 1464 267 1505 uon
293 1442 440 1525 quadrat.
488 1441 525 1503 F.
543 1446 594 1504 45.
622 1444 731 1504 .·1.7:5.
757 1440 800 1503 Η.
819 1446 888 1504 131.

154 1547 193 1599 15-
292 1547 339 1631 (11)
376 1546 422 1609 De
446 1549 729 1630 proprietate
752 1548 968 1610 controversia
992 1552 1040 1611 est
1066 1545 1267 1630 plerumque:
1300 1547 1393 1609 utin

204 1652 380 1735 Campania
411 1652 570 1715 cultorum
604 1673 754 1735 agrorum
789 1652 889 1714 silvae
920 1651 1039 1714 absunt
1062 1652 1094 1714 in
1119 1652 1283 1714 montibus
1307 1651 1395 1714 ultra

209 1764 358 1841 quartum
383 1762 441 1820 aut
463 1758 610 1840 quintum
637 1757 721 1818 forte
739 1756 897 1823 ricinum:
928 1756 1120 1837 propterea⁵
1151 1756 1331 1838 proprietas
1354 1754 1395 1817 ad

206 1883 287 1946 quos
320 1862 436 1926 fundos
468 1863 628 1945 pertinere
657 1861 771 1923 debeat
793 1860 1007 1943 disputatur⁶.
1054 1860 1115 1923 Est
1146 1868 1177 1923 et
1204 1881 1394 1942 pascuorum

206 1967 384 2050 proprietas
408 1967 572 2049 pertinens
596 1966 633 2027 ad
660 1966 785 2031 fundos.
814 1965 866 2028 sed
892 1968 924 2027 in
951 1987 1128 2041 commune,
1153 1965 1394 2049 propterquod

204 2095 241 2136 ea
270 2093 449 2154 eonpasoua
481 2071 592 2134 multis
625 2070 703 2133 loeis
736 2071 768 2132 in
806 2070 903 2135 ltalia
934 2067 1142 2134 conuuuuia³
1177 2071 1395 2152 appellantur.

154 2176 394 2260 16.quibus‹laru
428 2176 602 2258 provinciis
635 2198 692 2259 pro
720 2175 883 2239 indiviso⁸.
918 2178 923 2256 Ι
956 2175 1040 2240 Nam
1062 2182 1095 2239 et
1119 2197 1175 2257 per
1199 2175 1395 2241 hereditates

205 2286 262 2343 aut
284 2281 460 2362 emptiones
491 2281 559 2343 eius
583 2280 710 2363 generis
731 2282 967 2345 controversiae
990 2281 1089 2345 fiunt.
1121 2280 1300 2362 dequibus
1325 2284 1396 2346 iure

204 2387 366 2450 ordinario
389 2388 548 2470 litigatur.
596 2387 635 2449 F.
653 2390 705 2450 48.
729 2390 769 2450 A.
789 2393 839 2449 To'.

293 2492 340 2575 (7)
377 2491 424 2554 De
449 2492 724 2574 possessione
747 2492 964 2555 controversia
988 2496 1045 2567 est,
1072 2491 1110 2554 de
1134 2513 1199 2574 qua
1223 2492 1262 2554 ad
1291 2493 1395 2557 inter·

205 2597 325 2660 dictum
350 2596 411 2661 lmc
433 2602 483 2660 est
505 2598 573 2659 iure
598 2597 760 2659 ordinario
785 2595 961 2679 litigatur!
1008 2597 1047 2659 F.
1064 2602 1117 2659 49.
1152 2598 1192 2659 A.
1209 2601 1263 2659 30.

294 2702 340 2784 (8)
368 2699 414 2764 De
437 2701 473 2763 al
487 2701 659 2763 lusione
684 2702 719 2763 fit
744 2702 962 2764 controversia
984 2700 1152 2764 fluminum
1174 2701 1395 2768 infestatione.

208 2807 245 2868 F.
262 2810 315 2868 49.
342 2807 453 2868 ,1.82.
481 2841 505 2850 —
538 2805 623 2885 Hyp.
641 2809 755 2868 1244:
780 2804 827 2868 De
850 2806 1012 2868 alluvione
1035 2803 1217 2869 observatio
1241 2806 1320 2870 haec
1336 2813 1395 2873 est

206 2909 360 2992 numquid
385 2910 422 2971 de
445 2910 658 2991 occupatoriis
682 2918 833 2994 ageretur
850 2911 946 2989 agris,
971 2910 1037 2974 et¹⁰
1053 2910 1210 2994 qrridquid
1228 2913 1276 2973 ris
1293 2934 1397 2996 oquae

205 3014 391 3089 abstulerit,
424 3014 645 3096 repetitionem
679 3036 771 3077 nemo
795 3015 936 3078 habebit.
984 3016 1073 3090 Quae
1096 3037 1146 3078 res
1170 3018 1395 3081 necessitatem

206 3120 293 3202 ripae
318 3120 507 3182 muniendae
530 3119 686 3202 inmugit,
721 3119 766 3181 ita
791 3126 909 3193 tamen,
943 3141 983 3181 ue
1006 3119 1139 3183 alterius
1162 3120 1280 3184 damno
1303 3122 1396 3204 quic-

205 3246 302 3307 quam
325 3224 434 3299 faeiat,
459 3224 513 3306 qui
539 3225 640 3307 ripanr
659 3225 800 3288 nruniet¹
812 3225 830 3286 ¹.
866 3224 898 3288 Si
917 3246 992 3287 sero
1008 3226 1039 3288 iu
1058 3226 1207 3290 divisset
1223 3226 1397 3310 adsignata

287 3435 311 3492 l)
331 3434 382 3487 hoc
401 3436 450 3486 s'us.
464 3436 527 3485 Are.
548 3463 581 3472 -
601 3434 628 3498 2)
649 3432 713 3485 Ideo
732 3432 792 3500 t'lp.
812 3435 839 3485 iu
859 3435 1048 3487 eonrmeutors‘o
1067 3434 1105 3487 ad
1123 3433 1293 3487 interdictum
1318 3434 1349 3488 U.
1365 3435 1396 3487 P.

206 3523 289 3577 (169
307 3521 344 3573 ad
361 3521 412 3581 ed.)
433 3523 560 3573 tractarit
578 3520 611 3573 de
629 3521 704 3583 loco;
731 3521 800 3573 made
820 3520 856 3572 1).
875 3524 1009 3581 50,16,60.
1040 3552 1069 3559 -
1088 3523 1116 3577 3)
1135 3525 1312 3589 peraguntur
1330 3524 1396 3575 Arc.

206 3639 239 3648 -
264 3613 291 3675 t)
311 3608 525 3676 perperissimas
553 3618 575 3668 (s
593 3609 690 3666 deletu)
711 3609 775 3660 Are.
805 3637 837 3647 -
866 3610 896 3665 5l
913 3614 1064 3677 propterea
1083 3608 1184 3674 (ἕνα),
1207 3624 1257 3660 orn.
1276 3610 1342 3661 Are.
1362 3639 1396 3648 —

206 3724 240 3734 -
259 3696 287 3761 6)
305 3695 476 3747 discutiatur
494 3695 596 3761 Guels,
615 3696 703 3751 muer
724 3700 786 3748 Are.
810 3726 837 3733 -
861 3697 886 3757 7)
906 3694 1002 3749 Frout.
1021 3698 1115 3757 48:23:
1137 3695 1165 3748 in
1186 3693 1302 3748 Etruria
1320 3712 1398 3752 eom·

207 3783 334 3835 muralia
353 3788 498 3837 vocantur.
519 3814 550 3822 -
571 3784 600 3849 8)
623 3801 673 3852 pro
692 3783 816 3836 indiuisa
835 3785 907 3836 lr'trrr'.
927 3814 956 3822 -
979 3785 1007 3839 91
1028 3783 1069 3849 Cf.
1089 3798 1173 3850 supro
1192 3789 1310 3836 costros.
1322 3787 1347 3835 4.
1364 3816 1396 3826 -

207 3872 383 3938 A99.16.18:
413 3871 451 3922 De
476 3872 649 3938 possessione
671 3887 771 3940 -per
796 3871 993 3931 interdictum,
1024 3871 1075 3924 troc
1101 3874 1144 3923 est
1163 3870 1223 3923 iure
1241 3868 1396 3927 ordinario.

207 3957 355 4025 litigatum
383 3958 433 4010 hoe
453 3974 507 4012 non
528 3965 572 4012 est
590 3959 758 4027 disciplinae
778 3966 892 4013 nostrae
911 3958 1054 4020 iudicium,
1073 3957 1119 4011 sed
1141 3957 1216 4027 apud
1237 3957 1397 4026 praesidem

207 4045 369 4113 provinciae
393 4046 505 4112 agitur,
535 4073 564 4084 -
586 4048 659 4099 sieut
684 4045 728 4099 lex
747 4048 803 4099 ait:
833 4046 894 4099 ‘nisi
916 4046 951 4099 de
971 4045 1150 4113 possessionis
1168 4047 1247 4098 statu
1265 4045 1398 4112 quaestio

207 4132 292 4185 fuerit
310 4136 474 4194 terminata,
495 4151 549 4187 non
570 4133 636 4186 lieet
655 4134 775 4188 mensori
795 4134 905 4202 praeire
921 4133 958 4185 ad
973 4132 1051 4187 loea'.
1075 4164 1102 4171 -
1127 4136 1169 4195 lo)
1188 4132 1257 4185 haee
1269 4134 1312 4185 est
1325 4149 1395 4186 nuru

205 4219 272 4286 qnid
300 4219 406 4285 (haesit
431 4235 484 4271 non
515 4220 588 4287 qnod
610 4226 688 4287 Are,
717 4228 760 4274 est
778 4222 800 4274 si
821 4222 890 4275 haee
908 4222 930 4274 si
951 4224 980 4273 in
1000 4221 1104 4285 Guelr'.)
1133 4222 1168 4274 de
1187 4237 1242 4275 occ.
1263 4224 1398 4288 ageretur

206 4306 309 4372 {agitur
330 4308 435 4372 Guels.)
456 4309 533 4374 agris
552 4313 581 4362 et
600 4310 657 4377 [sed
669 4313 741 4365 Are..
761 4327 812 4362 om.
825 4311 930 4378 Guels.)
949 4308 1086 4378 quidquid
1105 4309 1169 4361 libri
1187 4305 1321 4377 [praestat
1334 4308 1397 4376 sor·

206 4402 288 4447 tasse:
308 4396 376 4448 haee
393 4401 447 4447 est:
467 4397 489 4447 si
502 4397 538 4449 ds
551 4397 735 4466 oeenpatoriis
749 4398 845 4467 agitur
858 4399 944 4467 agris,
956 4396 1093 4466 quidquid
1106 4402 1155 4449 eet.
1176 4395 1225 4448 Tu.
1238 4393 1286 4464 lt]
1300 4425 1334 4434 -
1349 4399 1393 4463 11)
