2992 5040
165 301 208 365 90
660 302 877 370 Agrimensores.

253 480 463 556 Quaestor
475 482 506 545 ii
531 486 638 545 sutem
656 482 805 545 dicuntur
829 482 910 564 agri,
935 503 1015 565 quos
1032 482 1169 564 populus
1189 482 1352 546 Romanus

166 585 297 648 devictis
331 585 495 668 pulsisque
524 586 671 650 hostibus
701 587 841 669 possedit
865 587 1093 671 mandavitque
1117 587 1350 671 quaestoribus,

166 694 204 753 ut
236 712 289 754 eos
314 691 514 754 venderent¹.
540 727 580 738 -
605 690 729 766 Quibus
753 691 839 775 agris
863 696 940 754 sunt
962 693 1177 767 condiciones,
1212 693 1258 755 uti
1282 693 1352 776 plo·

98 793 274 877 116.pulus)
294 792 486 878 R(0meuus)
597 797 680 879 quod
706 793 819 859 etiam²
844 798 1070 880 praestitutum
1095 798 1276 872 observant,
1302 821 1353 860 ve·

167 904 271 963 tustas
296 905 403 963 tamen
427 900 518 984 longi
542 901 695 983 temporis
720 902 908 985 plerumque
931 923 1030 984 paene
1054 900 1189 965 similem
1215 903 1352 964 reddidit

166 1009 391 1088 occupatorum
423 1025 574 1085 agrorum
605 1005 840 1077 condicionem
872 1026 934 1067 nou
960 1005 1083 1068 tamen⁸
1108 1006 1272 1069 universos
1297 1029 1351 1088 ps-

166 1109 268 1174 ruisse
292 1110 428 1192 legibus,
453 1131 577 1193 quasa
602 1109 822 1172 venditoribus
846 1109 912 1171 suis
934 1115 1128 1192 acceperant.

257 1211 509 1299 Vectigales
533 1219 637 1278 eutem
663 1215 734 1298 agri
757 1221 834 1277 sunt
858 1212 1004 1297 obligati,
1030 1215 1158 1297 quidam
1181 1215 1227 1277 rei
1245 1214 1351 1297 publi·

167 1342 221 1384 cae
245 1317 354 1402 populi
382 1317 533 1395 Romani,
565 1319 694 1402 quidam
720 1318 916 1382 coloniarum
946 1322 1002 1381 aut
1025 1321 1273 1402 municipiorum
1298 1325 1353 1382 eut

167 1424 348 1488 civitatium
372 1423 553 1508 aliquarum
578 1425 632 1508 qui
657 1429 689 1487 et
705 1424 766 1506 ipsi
783 1423 928 1506 plerique
944 1425 982 1486 ad
1000 1424 1153 1505 populum
1175 1423 1353 1487 llomunum

168 1529 341 1613 pertinent,
366 1529 508 1593 scilicet⁴
534 1552 572 1593 ex
596 1530 689 1593 hoste
712 1530 797 1612 capti
822 1529 996 1613 partitique
1020 1529 1072 1592 ecb
1096 1529 1188 1593 divisi
1205 1534 1282 1592 sunt
1299 1550 1354 1611 per

168 1635 341 1712 centurias,
358 1639 394 1697 ut
410 1636 659 1717 adsignarentur
674 1635 842 1709 militibus,
860 1657 995 1719 quorum
1014 1635 1132 1698 virtute
1147 1635 1234 1717 capti
1248 1640 1353 1698 erant:

168 1739 307 1822 amplius
340 1760 437 1822 quum
469 1739 641 1803 destinatio
670 1739 756 1802 modi
780 1740 932 1823 quumve⁶
956 1742 1096 1804 militum
1119 1738 1270 1822 exigebat
1295 1762 1353 1802 nu·

170 1867 285 1921 merus,
310 1848 366 1928 qui
389 1846 616 1928 superfuerant
632 1847 712 1928 agri,
738 1845 949 1929 vectigalibus
966 1846 1099 1909 subiecti
1116 1851 1201 1922 sunt,
1226 1844 1282 1907 alii
1299 1866 1354 1927 per

170 1972 271 2014 annos
296 1998 303 2012 .
323 2000 330 2014 .
349 2000 367 2026 .,
392 1950 446 2013 alii
464 1971 539 2013 vero
555 1949 755 2033 mancipibus
768 1949 957 2029 ementibus,
981 1951 1012 2013 id
1029 1954 1078 2013 est
1093 1949 1353 2022 conducentibus,

168 2056 202 2119 in
227 2078 327 2119 anuos
351 2061 509 2120 centenos.
561 2054 673 2118 Plures
697 2076 771 2119 vero
795 2055 887 2117 finito
911 2054 968 2117 illo
991 2060 1134 2136 tempore
1157 2054 1276 2117 iterum
1301 2075 1354 2115 ve·

169 2166 268 2224 neunt
292 2161 503 2243 locanturque
527 2162 574 2223 itu
598 2166 633 2223 ut
658 2159 867 2243 vectigalibus
891 2164 939 2223 est
962 2160 1165 2224 consuetudo,
1192 2196 1231 2205 -

258 2265 420 2348 Mancipes
446 2269 553 2329 autem
577 2266 631 2349 qui
655 2270 801 2328 emerunt
824 2263 894 2344 lege
917 2264 1002 2328 dicta
1024 2265 1073 2328 ius
1091 2265 1269 2347 vectigalis,
1293 2266 1353 2349 ipsi

170 2393 226 2453 per
258 2371 418 2434 centurias
452 2370 638 2434 locaverunt
670 2376 727 2432 aut
757 2369 967 2432 vendiderunt
999 2369 1150 2450 proximis
1175 2370 1356 2454 quibusque

169 2475 415 2559 possessoribus.
463 2473 499 2538 ln
524 2472 575 2537 his
600 2474 702 2556 igitur
725 2473 812 2555 agris
829 2472 984 2555 quaedam
1002 2473 1070 2535 loca
1086 2480 1217 2556 propter
1234 2475 1355 2557 asperi·

169 2584 269 2643 tatem
293 2584 349 2642 aut
372 2579 577 2642 sterilitatem
604 2601 667 2641 non
692 2579 884 2641 invenerunt
908 2584 1081 2658 emptores3
1104 2578 1214 2661 itaque
1239 2581 1270 2641 in
1290 2580 1355 2642 for·

172 2685 233 2749 mis
257 2685 397 2747 locorum
422 2684 497 2747 talis
521 2684 704 2766 adscriptio
733 2684 763 2746 id
788 2688 836 2745 est
860 2683 903 2744 ‘in
927 2683 1056 2744 modurn
1079 2684 1356 2764 conpascuae',

103 2807 160 2860 117.
172 2789 344 2873 aliquando
361 2788 448 2852 fucta
464 2793 521 2863 est,
546 2794 577 2851 et
594 2793 731 2849 ‘tuntum
754 2808 812 2850 cou
825 2786 982 2869 pascuae';
1008 2808 1089 2868 quae
1105 2787 1303 2868 pertinerent
1319 2788 1356 2850 ad

172 2894 334 2978 proximos
351 2916 495 2978 quosque
511 2912 717 2975 possessores,
734 2891 789 2974 qui
805 2892 844 2954 ad
857 2913 894 2954 eu
911 2892 1078 2974 attingunt
1095 2890 1212 2953 linibus
1225 2893 1301 2954 suis.
1316 2929 1355 2938 -

260 3000 407 3064 Divisi
443 3002 484 3061 et
513 2998 735 3082 adsignati
769 2998 838 3077 agri
863 3002 949 3073 sunt,
982 2995 1037 3078 qui
1063 2997 1219 3058 veteranis
1244 2996 1356 3060 aliisve

175 3106 315 3186 personis
347 3126 403 3186 per
430 3103 590 3167 centurias
619 3107 706 3165 certo
730 3102 822 3164 modu
847 3102 1008 3183 adscripto
1032 3106 1089 3162 aut
1111 3100 1178 3162 dati
1203 3107 1279 3163 sunt
1303 3107 1358 3164 aut

177 3210 301 3285 redditi,
326 3207 437 3292 quive⁷
462 3209 623 3273 veteribus
647 3207 881 3290 possessoribus
905 3205 1068 3268 redditi
1091 3227 1173 3268 com
1187 3206 1358 3269 mutati·

176 3423 283 3485 137,1s:
311 3422 492 3472 nectentem
513 3419 730 3485 occupaverunt,
758 3413 830 3482 quod
851 3413 941 3466 colere
960 3412 1130 3480 potuissent,
1149 3410 1196 3464 sed
1216 3415 1359 3477 quantum

174 3509 202 3560 in
223 3524 300 3575 spem
320 3507 379 3575 (spe
398 3506 472 3568 libri)
492 3504 600 3558 colendi
619 3519 804 3557 reservavere.

263 3593 288 3660 l)
308 3592 390 3645 Sicut.
410 3594 514 3657 136,14.·
534 3590 623 3642 Ut-
644 3589 765 3644 Romani
784 3589 911 3642 omnium
931 3586 1058 3654 gentium
1079 3584 1161 3655 potiti
1181 3590 1255 3645 sunt,
1275 3603 1361 3653 agros

176 3696 208 3732 ex
228 3679 308 3731 hoste
327 3682 424 3747 raptos
443 3679 471 3730 in
493 3679 625 3732 victorem
646 3677 777 3745 populum
800 3675 900 3744 pertiti
919 3678 999 3737 sunt3
1019 3674 1090 3727 alios
1109 3688 1173 3726 vero
1192 3689 1276 3740 egros
1293 3689 1362 3726 sen·

174 3766 315 3825 diderunt,
336 3769 368 3818 ut
389 3765 556 3820 Sabinorum
576 3781 643 3833 ager
662 3764 709 3832 qui
730 3762 833 3816 dicitur
854 3762 1037 3830 quaestorius,
1058 3777 1120 3813 eum
1135 3759 1275 3812 limitibus
1289 3760 1361 3813 uotis

175 3854 335 3907 diviserunt
354 3883 387 3890 —-
408 3856 493 3920 utque
519 3852 561 3903 ita
585 3866 635 3919 per
653 3856 813 3918 quaestores
839 3848 935 3916 populi
958 3847 1076 3901 Romani
1097 3845 1213 3914 (populo
1235 3844 1362 3900 llomsno

175 3943 248 4001 libri)
270 3941 464 3995 vendiderunt.
493 3970 525 3978 -
554 3938 581 4003 2)
604 3938 670 4007 [fuit
683 3938 759 4005 sere:
788 3956 813 4003 p.
836 3938 866 3988 u.
889 3935 995 3989 voluit:
1023 3933 1095 4001 quod
1115 3931 1255 4002 quidam]
1281 3963 1316 3971 -
1335 3936 1362 3989 3)

175 4048 230 4086 non
251 4029 358 4096 temen]
378 4032 457 4081 nocet
476 4026 549 4079 enim
565 4043 617 4079 non
631 4028 771 4093 proposuit
784 4024 951 4078 Locbnrouu.
981 4022 1083 4093 [Mupds
1095 4021 1222 4074 excedet
1237 4019 1362 4073 ridemus

175 4117 215 4171 vel
239 4118 327 4171 sivirile
349 4115 514 4170 vocabulum.
543 4113 592 4166 Tu.
613 4112 664 4181 ll]
685 4142 714 4151 -
735 4114 762 4180 l)
784 4111 938 4182 [pertinent
957 4109 1063 4163 scilieet
1081 4109 1179 4176 scripsi¹
1197 4124 1251 4175 epe,
1276 4107 1363 4176 perli-

177 4204 348 4273 pertinentes
368 4204 439 4255 libri.
467 4201 516 4252 'l'u
539 4200 585 4269 ll]
615 4231 646 4238 -
677 4201 703 4268 5)
724 4199 889 4268 [partitique
910 4198 954 4266 sc]
982 4215 1031 4251 scr.
1052 4199 1210 4265 postquam.
1243 4194 1293 4247 Tu.
1315 4194 1364 4264 ll]

175 4323 209 4331 —
229 4294 257 4357 6)
271 4308 393 4359 quemve
408 4290 555 4358 llr'poltius,
575 4304 659 4355 quam
677 4304 743 4341 uero
762 4288 824 4339 libri
851 4318 882 4326 -
905 4288 930 4353 7)
949 4285 1053 4339 redditi
1066 4284 1167 4353 quibus
1187 4283 1251 4336 libri
1269 4283 1364 4350 [deleto

176 4396 231 4435 voc.
250 4378 354 4433 redditi
379 4395 427 4430 ser.
448 4379 506 4444 qui.
531 4376 642 4444 Tull]
