2992 5040
545 337 646 394 Edicta
668 339 840 408 praetorum.
1220 337 1284 401 203

108 515 263 571 Bucinum
280 516 361 570 uerba
379 532 394 570 e
411 515 481 570 tuna
493 529 552 568 meo
572 514 635 580 (das
647 512 778 567 Edictum
791 511 951 582 Perpetuam
965 511 1010 582 [E.
1025 511 1168 578 Ρ.],1883)
1186 509 1289 579 repetii,

108 619 234 673 perpauca
261 604 409 657 immutavi.
446 601 520 671 Qstae
544 609 631 656 autem
649 617 705 655 uon
724 601 886 655 adverbum
904 616 1027 669 expressa
1049 600 1196 654 traduntur
1211 597 1289 653 sede

112 693 305 746 aamrrrentariis
323 691 489 746 restituenda
508 696 596 758 mant,
612 691 783 759 praetermisi
800 690 854 742 nisi
865 688 997 743 adcetera
1008 688 1103 742 melius
1114 685 1288 755 intellependa

112 778 210 848 aliquid
227 779 350 848 conferre
367 779 534 833 videbantur.
577 777 729 831 Titulorum
747 777 840 830 mnan
854 777 999 845 praecipue
1016 775 1053 830 aet
1068 774 1181 843 Ulpr'ani
1193 773 1288 828 Pauli·

110 881 152 932 aue
178 868 261 922 libros
285 870 315 921 in
341 870 461 937 marpine
487 867 630 920 adnotatos
655 866 775 931 restitui,
804 881 857 932 pua
885 864 917 917 ete
933 880 962 917 re
988 865 1023 931 es.
1043 863 1078 916 E.
1098 863 1130 917 P.
1153 880 1181 931 p.
1199 866 1216 914 3
1233 877 1288 928 sqq.

112 951 306 1010 Controversiam
324 956 374 1009 boo
392 956 450 1009 loco
468 971 522 1008 esse
539 952 698 1007 omittendas
716 954 813 1007 caesui.

402 1114 506 1195 (Pars
523 1114 643 1193 priuata.
690 1111 741 1177 Da
764 1113 830 1177 liti-s
853 1112 1005 1191 exordio.)

191 1254 295 1322 ‘Neque
318 1256 348 1306 in
369 1259 462 1322 partes
485 1268 568 1320 neque
591 1253 621 1305 in
646 1251 729 1306 libros
751 1252 866 1305 diuisum
887 1251 977 1320 fuisse
1000 1250 1113 1304 eebctum
1128 1255 1287 1318 perpetuum

103 1342 186 1395 ‘inter
203 1356 293 1394 munes
310 1346 429 1407 constat,·
447 1341 534 1395 titulis
551 1347 641 1394 autem
656 1341 765 1409 sinpula
782 1341 877 1407 edicta,
897 1358 965 1409 quae
982 1339 1019 1393 ad
1036 1339 1145 1393 eandem
1162 1354 1217 1391 rem
1227 1354 1285 1406 per·

105 1430 207 1490 ‘tinent
229 1429 415 1496 eomprelrensa
427 1429 517 1496 fuisse
535 1435 590 1482 tam
613 1428 747 1496 Ulpianus
765 1445 845 1497 meam
863 1429 914 1481 alii
931 1428 1039 1488 dicuut;
1059 1426 1147 1480 titulis
1163 1425 1288 1479 rubricae

108 1517 262 1583 ‘trascriptae
279 1522 364 1581 aaut,
391 1532 459 1583 quae
478 1533 577 1585 mapua
595 1532 628 1569 ea
641 1518 769 1584 partein
788 1517 895 1583 ‹tipestis
913 1516 1040 1584 repetitae
1057 1520 1128 1581 ment,
1147 1514 1230 1568 nelrrti
1247 1514 1289 1567 ‘de

103 1604 144 1655 ‘in
163 1603 359 1668 insonando,
380 1604 419 1656 ‘de
437 1605 455 1658 i.
474 1605 492 1658 i.
511 1604 643 1669 restitut.',
663 1604 703 1657 ‘de
714 1604 767 1658 reb.
782 1603 896 1657 creditis’
915 1609 962 1658 etc.
991 1600 1051 1656 Gai.
1066 1603 1134 1667 I,46.
1159 1601 1196 1656 D.
1207 1606 1287 1668 3,1‚1:

100 1694 192 1757 ‘l.1‚1;
210 1694 308 1757 12,1,1,·
326 1693 452 1758 43,1‚2,3,·
470 1693 640 1758 50,16,195‚3.
680 1691 830 1745 Titulorum
848 1693 928 1746 series
946 1707 980 1743 aa
997 1689 1108 1759 Ulpiani
1119 1690 1288 1757 aliorumque

106 1779 190 1833 ‘lrbrm
208 1778 245 1831 ad
261 1778 301 1834 ed.
315 1778 402 1845 facile
420 1780 603 1847 capnoseitur5
621 1795 753 1846 quaenam
760 1779 849 1844 snserit
861 1778 1022 1846 disponendi
1033 1779 1113 1840 ratio,
1126 1777 1287 1830 munienter

105 1867 200 1919 ‘adbuc
220 1866 391 1933 disceptatur.
429 1865 502 1919 Erat
520 1871 607 1919 autern
627 1866 741 1918 edictum
761 1873 803 1930 (ut
821 1867 907 1920 dicam
926 1855 1133 1935 quidseutiamt'
1147 1881 1230 1932 neque
1245 1879 1285 1918 co

108 1954 164 2006 ‘dea
187 1955 255 2007 iuris
279 1968 362 2021 neque
387 1952 452 2006 arelo
477 1953 637 2006 iudiciarius
659 1969 742 2020 neque
765 1953 831 2006 liber
848 1955 991 2007 actionum.
1029 1952 1166 2005 Nimirum
1183 1957 1285 2004 rratrua

108 2043 169 2095 ‘eins
192 2057 246 2095 reon
269 2047 357 2109 potest
378 2046 447 2094 reate
471 2039 588 2093 iudicari
610 2039 666 2091 nisi
681 2055 714 2092 ea·
732 2038 825 2107 officio
840 2042 973 2106 praetoris
991 2042 1034 2093 ius
1053 2038 1170 2091 dicentes.
1210 2038 1287 2092 Haec

112 2130 184 2180 ‘arun
198 2130 344 2196 pnaecrpue
361 2127 405 2181 ilii
421 2132 498 2180 erant
517 2126 698 2179 observanda:
716 2131 739 2180 1.
758 2132 789 2179 ut
808 2127 863 2180 litis
881 2127 1019 2180 morutium
1037 2126 1190 2190 ordinaret;
1207 2130 1235 2178 2.
1255 2131 1286 2178 nt

110 2216 230 2269 ‘actiones
253 2216 350 2283 quibus
368 2215 474 2282 litipare
490 2220 597 2282 possent
615 2215 800 2280 constitueret,¹
827 2217 850 2267 3.
871 2221 901 2267 ut
920 2215 948 2266 in
967 2214 1020 2277 tine
1039 2214 1094 2266 lite's
1112 2228 1185 2280 opem
1199 2212 1286 2279 ferret

111 2304 241 2357 ‘maerens
260 2319 334 2356 reum
351 2303 392 2356 uel
410 2302 611 2355 condemnatum
631 2301 672 2354 uel
690 2301 838 2369 consessum
857 2303 897 2354 nal
915 2317 969 2354 non
987 2300 1132 2368 defensuris,
1151 2299 1287 2352 actoribus

112 2395 168 2443 ‘tam
186 2390 302 2458 sinpulis
319 2405 398 2456 quam
415 2389 549 2457 pluribus,
568 2390 662 2457 quiin
682 2389 751 2442 bona
772 2391 829 2443 eius
846 2395 1038 2443 conuenerunt.
1076 2392 1135 2457 Quo
1147 2388 1240 2441 ordine
1256 2389 1285 2441 in

113 2478 288 2547 ‘disponendis
306 2477 399 2530 edictis
416 2482 521 2530 servato
538 2477 659 2544 effectum
677 2484 723 2544 est,
742 2484 773 2530 ut
787 2484 844 2531 tres
859 2477 1024 2546 principales
1038 2478 1143 2545 possint
1156 2476 1287 2544 distinqui

111 2570 210 2633 parim,
237 2564 334 2632 quibus
352 2569 451 2632 quarta
469 2564 569 2618 accedit
588 2580 659 2618 nova
677 2565 871 2619 iurisdictionis
885 2565 1040 2633 praetoriae
1057 2565 1181 2617 instituta
1201 2565 1285 2617 couti·

111 2655 191 2706 nens:
215 2651 370 2716 interdicta,
389 2653 560 2720 encepn'ones,
579 2651 766 2719 stipulationes
782 2653 940 2720 praetorias.
978 2650 1128 2717 Difficilior
1146 2656 1183 2703 ast
1202 2651 1285 2718 eapti·

109 2747 174 2793 ‘catu
198 2741 271 2793 ratio
295 2738 399 2792 ordinis
422 2738 562 2791 titulorum
583 2737 714 2790 secundae
735 2740 838 2805 partis,
866 2754 920 2806 qua
940 2737 971 2790 de
989 2753 1018 2789 re
1036 2736 1125 2789 uideas
1144 2735 1287 2804 Rusiorffii

110 2827 360 2880 ‘commentationem
378 2826 408 2878 in
427 2823 513 2877 ΖΒΘ.
531 2827 607 2890 3,53,
634 2823 693 2877 licet
711 2840 840 2877 summam
858 2841 938 2891 quam
955 2824 1001 2876 ille
1019 2825 1159 2890 propourit
1176 2823 1284 2877 aliusno-

108 2925 169 2969 'isan
187 2915 217 2967 in
236 2914 323 2968 edicta
341 2913 373 2966 ele
390 2914 448 2965 iure
465 2918 489 2965 et
508 2910 541 2964 (le
548 2913 712 2978 possessione
726 2912 844 2979 equidem
858 2928 911 2965 non
926 2910 1168 2978 conipnabaoerim.’
1188 2910 1287 2962 Banna.

111 3002 138 3055 In
158 3003 200 3056 leis
219 3001 343 3054 omnibus
360 2998 505 3052 doctissimi
529 2998 583 3049 uiri
599 2999 745 3051 sententiae
763 2998 881 3051 lubenter
898 2998 1041 3051 subscribo.
1081 2996 1219 3049 Secundae
1238 3012 1286 3059 ceu·

108 3096 154 3142 lem
181 3089 263 3142 edicti
284 3087 373 3156 portis
397 3085 537 3138 titulorum
561 3085 679 3137 ordinem
704 3102 763 3138 eum
787 3102 839 3139 esse
858 3086 987 3140 arbitror.
1016 3091 1046 3137 ut
1063 3086 1180 3152 primum
1201 3083 1287 3136 locum

109 3182 210 3229 teneant
229 3190 299 3243 quae
316 3190 330 3227 e
348 3189 420 3226 mera
439 3170 623 3225 iurisdictione
637 3170 752 3238 pnrclem
763 3173 889 3238 actiones,
908 3171 1003 3224 claude
1015 3188 1047 3225 ea
1060 3176 1207 3238 sequantur
1219 3170 1288 3224 iuras

107 3263 209 3316 unsilia
229 3278 297 3329 quae
315 3262 486 3314 continentur·
503 3261 622 3327 imperio,
641 3259 676 3327 cf.
695 3260 730 3314 E.
743 3260 774 3312 P.
793 3278 819 3328 p.
836 3260 918 3327 VIII,
934 3264 973 3312 16.
1010 3260 1070 3329 Qua
1084 3261 1189 3312 ratione
1202 3265 1286 3312 totum

108 3350 220 3403 edictum
240 3353 269 3402 in
290 3350 406 3417 quinque
423 3354 513 3415 partes
530 3348 617 3401 diuisi.

192 3471 218 3538 l.
265 3471 687 3537 DeiurisdictIOno¹.

195 3581 223 3642 1.
265 3578 314 3641 Ad
347 3577 438 3659 lepenr
470 3577 720 3660 municipalem².
770 3600 796 3640 a.
833 3576 866 3642 si
895 3579 965 3663 quis
997 3579 1047 3642 ius
1072 3578 1189 3642 dicenti
1223 3573 1367 3651 n0n351¹5

111 3680 403 3766 obtemperaverit³‚
429 3680 551 3764 (pulsanti
574 3702 610 3744 eo
635 3703 683 3745 nes
707 3683 774 3757 cnr,
800 3681 950 3746 iudicium
975 3682 1079 3766 etalio).

195 3786 226 3850 b.
262 3784 296 3849 si
320 3784 391 3869 quis
420 3783 454 3846 in
485 3785 535 3847 ius
559 3792 689 3850 vocatus
713 3836 824 3851 .....
850 3810 912 3851 non
936 3787 1011 3852 ierit
1035 3789 1101 3852 sive
1125 3788 1196 3872 quis
1220 3808 1291 3850 eum

118 3890 286 3967 vacaverit,
310 3912 403 3974 quem
428 3911 466 3952 ex
483 3889 586 3955 edicto
602 3914 664 3956 non
684 3892 845 3956 debuerit⁴
849 3942 988 3967 ......
1007 3892 1172 3977 (lardirium
1188 3890 1291 3972 (labo).

193 4018 219 4060 a.
259 3994 324 4079 (De
344 3995 460 4059 elumrro
484 3994 621 4079 numo.)
651 3997 796 4062 ...eius
813 3997 856 4060 rei
876 4047 882 4061 .
901 4048 907 4060 .
926 4048 932 4061 .
951 3999 1025 4061 dum
1043 3997 1080 4074 ei,
1109 3997 1163 4080 qui
1179 3996 1291 4072 aberit,

178 4138 204 4204 1)
223 4134 309 4189 Rubr.
329 4134 366 4189 D.
379 4139 429 4197 2‚1.
448 4161 483 4172 -
501 4134 528 4202 2)
549 4132 635 4186 Rubr.
655 4135 691 4189 D.
714 4138 814 4200 (50,1)2
833 4114 870 4187 ad
887 4137 1077 4204 rrrrenicipalem
1095 4140 1119 4187 et
1137 4133 1169 4186 ele
1187 4134 1289 4186 incolis.

112 4220 151 4289 Cf.
171 4222 263 4287 Lenel,
289 4221 375 4276 tuo.
393 4225 433 4288 15,
458 4240 485 4290 p.
504 4224 537 4274 16
553 4237 609 4289 sqq.
636 4251 670 4262 -
699 4224 726 4287 3)
749 4223 820 4276 Sunt
840 4224 918 4276 verbu
938 4223 1008 4276 Ilub.
1028 4224 1141 4288 1).2,3,·
1165 4236 1293 4288 persaepe

110 4311 175 4363 emm
198 4310 343 4364 mulonem
366 4310 447 4363 uerba
469 4309 590 4362 initialia
609 4309 772 4377 ‹tipestornm
792 4311 879 4364 titulis
898 4317 927 4363 nt
944 4310 1070 4363 rubricae
1086 4309 1220 4374 inscripta
1238 4322 1293 4360 esse

112 4396 240 4450 mdmtur.
260 4425 292 4436 -
312 4397 341 4459 4)
361 4395 447 4449 Rerbr.
466 4395 502 4448 I).
520 4398 573 4457 25.
