2992 5040
671 313 812 370 Boethius.

153 494 303 559 dicuntur
325 493 531 558 satisdatores
556 493 730 576 locupletes
754 514 813 577 pro
836 516 879 572 re,
904 495 942 558 de
958 516 1021 578 qna
1044 495 1127 578 apud
1143 495 1278 559 iudicem
1295 495 1335 558 lis

154 604 213 678 est,
237 622 277 663 ne
296 599 418 663 interea
433 599 488 683 qui
506 603 593 664 tenet
608 600 756 665 diffidens
772 621 886 665 causae
901 601 1130 684 possessionem
1146 601 1334 666 deteriorem

155 704 265 783 faciat,
288 709 372 768 tecta
396 705 538 788 dissipet,
560 706 685 771 excidat
708 706 837 772 arbores
864 711 896 772 et
917 708 1004 771 culta
1027 706 1160 771 deserat.
1206 708 1311 787 (191.)

241 808 259 889 ᾗ
286 809 355 872 142.
400 807 460 873 Bo
474 832 494 872 n
508 832 527 873 a
556 810 718 892 praedi
732 833 751 874 a
781 810 931 875 dicuntur
960 811 1043 875 bona
1072 811 1335 875 satisdationibus

156 913 306 990 obnoxia,
330 914 396 977 sive
419 914 485 977 sint
508 915 541 977 in
558 914 735 997 mancipiis,
759 916 872 980 sivein
889 917 1218 999 pecunianumerata:
1243 938 1334 999 prae·

154 1017 207 1081 dia
229 1039 304 1082 vero
327 1018 454 1095 domus,
488 1019 569 1104 agri.
615 1019 704 1083 Haec
726 1021 835 1085 omnia
859 1022 1048 1097 venduntur,
1080 1022 1106 1085 si
1130 1021 1248 1085 rationi
1275 1042 1335 1103 pu·

155 1122 256 1186 blicae
280 1123 402 1188 locator
424 1129 584 1188 sartorum
609 1129 765 1190 tectorum
789 1148 853 1191 non
872 1128 1080 1211 responderit.
1128 1127 1178 1190 Ad
1202 1125 1262 1190 hoc
1278 1147 1335 1190 au·
1418 1180 1425 1193 .

155 1231 219 1290 tem
244 1232 318 1293 ante
341 1228 419 1293 baec
441 1231 549 1294 omnia
571 1235 646 1295 sunt
668 1232 818 1310 obnoxia,
848 1237 885 1297 ut
908 1254 966 1316 pro
988 1253 1047 1296 sna
1071 1233 1235 1296 voluntate
1257 1234 1334 1316 agat

155 1332 336 1415 redemptor
357 1335 470 1417 operis,
495 1334 647 1418 quicquid
670 1357 728 1399 suo
744 1336 885 1420 periculo
901 1336 988 1401 facit.
1013 1338 1119 1415 (176.)
1150 1334 1335 1399 Praedia

154 1440 228 1499 sunt
252 1459 301 1500 res
325 1438 427 1520 ipsae,
459 1439 587 1522 praed
601 1460 639 1503 es
662 1439 816 1519 homines,
839 1441 872 1505 id
895 1445 943 1506 est
965 1441 1175 1517 fideiussores,
1199 1461 1333 1524 quorum

156 1562 203 1604 res
227 1540 322 1604 ‘bona
345 1543 482 1622 praedia'
508 1565 571 1607 nno
594 1545 723 1608 nomine
745 1545 921 1611 dicuntur¹.
967 1548 1072 1629 (196.)

319 1770 391 1836 VII.
431 1770 653 1838 BOETHIUS
676 1772 724 1838 IN
749 1771 978 1839 ClCERONlS
1001 1772 1167 1839 Topica

225 1925 367 1981 &omaus
385 1928 516 1982 Boiibiue
531 1930 710 1998 philosophus
734 1932 897 1996 (ero—524)
915 1930 1131 1985 Mediolanensis
1147 1931 1211 1998 fuit,
1230 1931 1335 1985 amicus

156 2014 226 2083 repie
247 2014 409 2068 ibeodcrici.
447 2015 484 2069 In
502 2017 691 2070 commuuione
719 2035 795 2087 quern
814 2019 926 2086 scripsit
944 2018 982 2072 ad
1002 2016 1139 2072 Ciceronis
1158 2020 1247 2087 topica
1265 2017 1334 2085 (Cic.

154 2103 193 2156 ed.
216 2100 294 2156 Oreii.
319 2101 349 2170 V,
364 2107 454 2171 1,270)
472 2122 541 2173 quoe
559 2105 597 2159 cd
613 2106 659 2159 ius
674 2106 812 2173 pertinent
826 2106 956 2173 pleraque
974 2122 1007 2159 ec
1024 2106 1085 2173 ipso
1106 2105 1230 2160 Cicerone
1245 2122 1334 2174 camp

153 2190 196 2256 eit,
211 2205 304 2256 pcieco
322 2206 355 2243 ce
372 2198 486 2245 veterum
503 2192 576 2244 iuris
593 2197 733 2245 auctorum
752 2192 830 2245 libris
848 2191 955 2245 uciiccii.
987 2189 1027 2257 Cf.
1043 2192 1172 2258 Dirdecra
1192 2193 1247 2245 iur.
1258 2192 1332 2245 Aus-

153 2283 217 2346 eitpe
234 2278 266 2330 ia
283 2278 309 2331 d.
334 2277 446 2333 Werieea
464 2279 511 2333 des
529 2278 669 2333 Baccarus.
707 2279 780 2333 Berl.
801 2279 881 2333 atad.
901 2280 970 2332 Aba.
992 2282 1069 2333 1851.

243 2425 283 2467 erc
305 2403 324 2466 i.
349 2409 367 2467 1
391 2404 434 2466 od
457 2424 480 2467 c.
504 2409 602 2481 2‚10.
648 2403 799 2468 Faciendi
823 2404 915 2468 liberi
940 2409 1005 2468 tres
1028 2409 1103 2468 sunt
1126 2408 1248 2486 portes:
1271 2425 1335 2468 unu

155 2507 300 2591 quidem,
333 2511 370 2570 nt
400 2530 494 2572 censu
527 2508 608 2574 liber
631 2510 691 2586 sit;
723 2509 934 2574 censebantur
966 2511 1051 2574 enim
1074 2509 1252 2593 antiquitus
1274 2509 1335 2573 soli

155 2612 237 2676 cives
270 2610 417 2677 Romani.
464 2612 498 2678 Si
529 2615 599 2698 quis
634 2636 710 2699 ergo
733 2615 951 2680 consentiente
983 2615 1033 2678 vel
1056 2615 1185 2679 iubente
1208 2613 1336 2686 drmino

157 2738 271 2781 nomen
295 2718 462 2783 detulisset
484 2720 517 2782 in
542 2741 679 2796 censum,
704 2719 782 2785 civis
800 2718 964 2784 Romanus
987 2720 1094 2797 fiebat,
1118 2724 1151 2782 et
1173 2718 1335 2782 servitutis

158 2821 282 2886 vinculo
314 2823 499 2888 solvebatur
510 2822 533 2888 ².
565 2861 607 2872 -
639 2824 719 2888 Erat
751 2825 846 2889 etium
877 2848 952 2908 pars
983 2824 1084 2888 altera
1118 2822 1336 2906 adipiscendae

157 2925 326 3004 libertatis,
352 2948 434 3010 quae
449 2929 591 2993 vindicta
607 2929 789 2993 vocabatur.
830 2928 1032 2993 Vindicta
1055 2950 1129 2992 vero
1145 2933 1193 2992 est
1209 2927 1335 3011 virgula

156 3031 328 3113 quaedam,
363 3055 456 3115 quarn
492 3032 587 3098 lictor
624 3034 870 3097 inanumittendi
904 3035 986 3097 servi
1024 3034 1120 3117 capiti
1153 3031 1334 3116 imponens⁸

245 3258 268 3322 l)
288 3257 375 3311 Schol.
394 3257 520 3311 Bobieue.
547 3259 577 3310 ia
596 3273 634 3310 or.
656 3255 810 3331 p.‚Fiucco
838 3256 896 3322 (Or.
917 3273 946 3325 p.
964 3259 1046 3318 eddi:
1073 3253 1245 3310 Praedia-
1263 3271 1336 3324 qaue

155 3343 215 3399 inre
237 3343 365 3412 legitimo
386 3362 441 3400 nou
461 3343 611 3407 habentur,
631 3360 721 3412 neque
740 3346 811 3413 aput
830 3343 970 3398 aerarium
990 3341 1150 3412 subsignari
1164 3359 1253 3412 neque
1265 3345 1336 3412 aput

157 3449 296 3488 censorem
321 3435 445 3502 possunt.
484 3433 520 3486 lit
544 3431 729 3501 subsigncndi
755 3433 824 3486 baec
848 3431 957 3486 solebat
981 3431 1062 3502 [esse]
1081 3446 1181 3492 causa,
1211 3430 1267 3500 [ut]
1286 3434 1337 3485 ant

156 3519 205 3590 qui
224 3518 378 3589 vectigalia
397 3519 563 3584 redimeret,
588 3523 639 3574 aut
661 3519 709 3588 qni
732 3538 783 3588 pro
802 3519 932 3588 mancipe
951 3517 1135 3587 vectigalium
1153 3518 1235 3572 iidem
1256 3535 1336 3572 suam

157 3607 363 3675 interponeret,
393 3607 453 3662 loco
478 3607 603 3677 pigneris
626 3606 744 3675 praedia
762 3625 812 3660 sira
831 3607 871 3660 rei
891 3606 1019 3675 publicae
1037 3605 1214 3672 obligarent,
1243 3605 1335 3674 quoad

158 3708 268 3747 omnem
287 3693 435 3764 pecuniam
454 3695 645 3763 redemptores
664 3695 848 3764 vectigalium
870 3696 1062 3764 repensarent.
1104 3692 1146 3758 Cf.
1164 3693 1237 3748 Fest.
1258 3710 1337 3746 man·

156 3798 226 3852 ceps.
245 3813 280 3822 -
298 3783 326 3849 2)
345 3782 452 3836 Dou'ib.
473 3783 505 3836 de
522 3799 640 3836 uranum.
660 3787 834 3852 17:1nagna
853 3785 948 3836 antem
967 3780 1101 3835 dissensio
1119 3782 1162 3834 est
1180 3809 1223 3844 —-,
1241 3785 1336 3834 utrum

156 3867 207 3924 boc
231 3872 358 3938 tempore
384 3869 457 3923 vires
483 3869 626 3939 accipiunt
651 3869 760 3933 omnia,
787 3870 817 3922 in
836 3887 891 3939 qno
909 3885 1006 3923 census
1025 3865 1159 3937 [agitur]‚
1188 3875 1239 3921 aut
1256 3866 1286 3921 in
1305 3885 1336 3922 eo

157 3957 290 4025 tempore.
308 3957 338 4010 in
356 3974 411 4025 quo
430 3957 553 4012 lustrum
573 3956 712 4013 conditur.
749 3955 820 4010 Sunt
839 3957 914 4010 enim
933 3956 980 4025 qui
1002 3983 1032 3993 -
1048 3952 1214 4008 existimant
1230 3985 1258 3994 -
1274 3972 1337 4009 cen·

156 4059 217 4097 sum
237 4042 403 4100 descendere
422 4044 458 4098 ad
478 4044 552 4098 diem
571 4045 669 4104 lustri.
696 4062 752 4100 non
772 4045 892 4097 lustrum
912 4044 1057 4098 decurrere
1083 4042 1118 4096 ad
1137 4042 1212 4096 diem
1231 4059 1335 4105 census,

156 4132 341 4201 -qnoniam
362 4132 472 4194 omnia,
499 4131 594 4201 [quae]
621 4131 650 4184 in
669 4148 781 4186 censum
801 4134 941 4200 aguntur.
967 4132 1055 4184 lustro
1074 4131 1284 4184 confirmantur.
1304 4159 1337 4169 -

156 4221 183 4287 3)
203 4218 341 4274 Cornutus
359 4221 388 4272 ia
399 4219 472 4273 Pers.
487 4223 565 4287 5,88.·
582 4218 717 4274 Vindicta
737 4219 818 4289 virga
837 4224 889 4286 est,
907 4235 964 4288 qua
983 4216 1204 4274 manumittendi
1222 4234 1240 4270 a
1257 4232 1338 4286 prae·

156 4309 215 4362 tore
232 4307 262 4361 in
281 4308 373 4378 eapite
393 4308 550 4376 pulsantur.
588 4310 661 4361 Acro
680 4311 709 4361 iu
727 4307 797 4361 Hor.
815 4313 865 4361 sot.
879 4310 982 4374 2,7,76.·
1006 4304 1151 4360 Vindicta:
1171 4303 1338 4373 virgaque

155 4395 387 4464 percutiebantur
405 4396 493 4460 servi,
520 4413 580 4450 cum
602 4395 683 4449 liberi
701 4395 821 4458 fiebant;
851 4395 896 4450 vel
915 4395 1011 4463 virga.
1036 4408 1109 4464 quae
1128 4395 1196 4447 ante
1215 4391 1338 4464 impone·
