2992 5040
392 323 448 378 Lex
465 323 595 380 Cornelio
613 325 647 379 de
666 324 773 379 sicariis
791 328 821 379 et
839 325 985 380 veneficiis.
1237 328 1280 394 93

181 501 253 586 (³¹)
281 501 430 565 Viatores
460 522 641 585 praecones,
673 503 744 585 quei
769 524 807 566 ex
830 502 891 567 huc
914 502 984 587 lege
1007 503 1097 568 lectei
1121 504 1276 569 sublectei

96 611 197 682 errent,
229 606 299 687 (³²)
332 606 376 670 eis
407 606 583 670 viatoribus
606 605 815 690 praeconibus
838 607 1049 689 magistratus
1072 630 1170 692 prove
1192 631 1278 695 mag.

97 714 165 795 (θ’)
190 711 345 775 mercedis
367 711 444 774 item
468 712 656 776 tantundem
680 712 766 789 dato,
790 716 946 796 quantum
971 713 1000 775 ei
1022 712 1184 797 viator(ei)
1208 711 1280 795 (³⁴)

96 816 262 900 praeconei
285 816 371 879 darei
395 819 566 899 oporteret,
590 817 636 880 sei
659 815 686 880 is
704 816 809 880 viator
832 816 870 881 de
885 816 989 882 tribus
1013 817 1086 899 (⁸⁵)
1104 818 1281 882 viatoribus

97 923 184 1006 isque
208 943 322 1006 praeco
354 922 393 985 de
416 922 520 986 tribus
542 922 754 1005 praeconibus
776 926 879 998 esset,
912 920 982 1006 (⁸⁶)
1006 923 1079 1007 quei
1103 928 1177 987 ante
1199 923 1283 987 hanc

97 1027 198 1110 legem
223 1031 370 1112 rogatam
394 1027 460 1090 utei
483 1027 668 1112 legerentur
691 1025 764 1110 (⁸⁷)
787 1026 948 1090 institutei
971 1032 1055 1091 suut.
1078 1044 1125 1091 Ν

183 1133 254 1217 (³⁸)
286 1131 372 1209 Quas
403 1133 434 1196 in
460 1133 603 1199 decurias
628 1133 787 1196 viatorum
812 1152 1003 1216 praeconum
1026 1129 1137 1194 consul
1160 1151 1199 1194 ex
1221 1129 1283 1194 hac

99 1236 165 1323 (³⁹)
191 1240 263 1324 lege
287 1239 425 1303 viatores
440 1258 610 1322 praecones
624 1236 751 1321 legerit,
775 1257 911 1320 quorum
927 1234 1084 1299 viatorum
1102 1234 1171 1318 (⁴⁰)
1189 1256 1281 1317 prue-

100 1366 211 1408 conum
236 1343 367 1407 nomina
390 1343 423 1406 in
447 1343 492 1407 eis
515 1342 667 1407 decurieis
690 1341 853 1406 adsedem
870 1338 1001 1405 Saturni
1024 1337 1096 1419 (⁴¹)
1112 1337 1146 1403 in
1161 1338 1282 1422 pariete

99 1451 183 1513 intra
206 1448 338 1513 caulas¹
364 1470 518 1531 proxume
542 1460 615 1513 ante
638 1447 720 1512 hanc
744 1448 848 1532 legem
874 1496 958 1510 ....

103 1653 149 1715 13.
173 1650 257 1714 Lex
283 1647 492 1713 Cornelia
515 1648 558 1712 de
582 1648 761 1712 sicariis
784 1651 823 1710 et
849 1645 1077 1711 veneficiis
1102 1666 1128 1709 c.
1154 1667 1180 1710 a.
1208 1645 1282 1710 673.

170 1814 212 1883 Of.
234 1812 298 1882 Dip.
311 1816 375 1879 48,8
393 1819 417 1865 et
428 1810 493 1866 0011.
506 1815 589 1877 1‚2.3,·
607 1810 701 1875 Sunio,
721 1811 774 1864 oba.
794 1809 832 1863 od
844 1810 862 1865 1.
874 1809 953 1863 Gom.
972 1810 1004 1863 de
1015 1810 1158 1876 eic.1817,·
1176 1810 1283 1878 Zumpt,

103 1902 178 1956 Bone.
199 1899 318 1955 cumn.
338 1899 502 1965 Heu-es.

179 2020 346 2098 (Ulpianus
368 2022 386 2078 l.
409 2019 477 2077 VII
492 2019 527 2077 de
542 2019 641 2090 officio
651 2016 870 2091 proconsul—is:i
890 2016 993 2092 Capite
1014 2020 1108 2094 primo
1124 2019 1198 2096 legis
1213 2018 1282 2077 Ocr-

104 2118 195 2176 ueliae
217 2116 253 2175 de
274 2116 386 2175 sicariis
407 2118 537 2182 cavetur,
559 2114 632 2189 ut:⁸)

189 2213 222 2278 Is
245 2217 374 2298 praetor
396 2212 529 2276 iudexve
553 2209 759 2294 quaestionis,
782 2210 834 2273 cui
855 2214 941 2273 sorte
956 2211 1122 2276 obvenerit
1140 2213 1284 2296 quaestio

104 2321 139 2384 de
163 2319 298 2394 sicariis
323 2318 399 2394 eius,
423 2317 508 2400 quod
527 2315 561 2378 in
577 2315 656 2379 urbe
674 2315 777 2379 ltoura
792 2315 963 2398 propiusve
984 2316 1018 2380 M
1035 2338 1146 2400 passus
1163 2316 1285 2382 factum

105 2426 155 2503 sit,
178 2424 228 2488 uti
251 2420 400 2507 quaerat³
423 2443 495 2485 cum
518 2421 685 2498 iudicibus,
710 2421 765 2505 qui
789 2420 818 2484 ei
842 2442 881 2484 ex
896 2419 968 2505 lege
982 2426 1068 2485 sorte
1084 2420 1284 2500 obvenerint,

105 2529 267 2612 decapite
291 2528 369 2606 eius,
397 2527 452 2610 qui
476 2548 548 2591 cum
571 2525 637 2590 telo
660 2526 874 2590 ambulaverit
897 2525 1036 2590 hominis
1059 2526 1193 2590 necandi
1216 2527 1285 2591 fur-

106 2635 169 2698 tive
192 2632 330 2698 faciendi
353 2653 457 2709 causa,
481 2631 683 2695 hominemve
706 2631 867 2706 occiderit,
895 2631 1024 2694 cuiusve
1046 2630 1079 2694 id
1104 2630 1177 2695 dolo
1200 2632 1286 2696 malo

106 2737 225 2802 iactum
249 2738 320 2802 erit.

182 2842 302 2918 (Cicero
318 2860 351 2915 p.
377 2840 490 2900 Cleant.
513 2842 643 2909 cume:
665 2839 754 2898 Iubet
774 2839 820 2898 lex
842 2873 880 2882 —
901 2825 1028 2898 iudicem
1048 2840 1231 2914 quaestionis
1249 2874 1282 2882 -

108 2957 169 2996 cum
192 2939 229 2996 iis
251 2936 406 3004 iudicibus,
427 2939 481 3011 qui
502 2939 528 2995 ei
540 2937 721 2997 obvenerint.
734 2970 768 2979 —
784 2955 926 3010 quaerere
943 2934 979 2992 de
995 2930 1124 2992 veneuo‘.
1152 2935 1181 2992 in
1197 2954 1284 3009 quem

109 3036 269 3107 quaerere?
300 3031 454 3090 Infinitum
477 3034 550 3105 estz)

192 3131 384 3214 quicumque
408 3129 576 3212 [venenum
600 3129 718 3192 malum
742 3129 880 3193 hominis
897 3127 1029 3191 necandi
1044 3125 1172 3211 carisa⁶]
1203 3125 1286 3191 fece·

112 3238 150 3301 rit
174 3234 352 3300 vendiderit
375 3234 488 3297 emerit
509 3233 658 3298 habuerit
682 3233 803 3298 dederit
824 3285 830 3298 .
850 3282 882 3296 ..

184 3336 274 3414 (Quid
294 3335 395 3394 eadem
416 3336 463 3393 lex
484 3338 585 3394 stetim
607 3334 767 3411 adiungit?
808 3335 910 3393 Recita
918 3336 938 3403 ε)

195 3435 295 3519 deque
318 3433 385 3496 eius
409 3436 512 3518 capite
535 3434 690 3517 quaerito,
716 3472 758 3481 -
782 3435 836 3518 qui
861 3433 1009 3497 tribunus
1026 3431 1166 3496 militum
1183 3431 1284 3517 legio·

113 3542 203 3605 uibus
226 3536 292 3604 1111
315 3538 436 3622 primic,
461 3538 556 3622 quive
579 3543 739 3622 quaestor,
762 3539 911 3602 tribunus
934 3536 1047 3621 plebio,

188 3643 337 3718 (deinceps
357 3660 457 3700 omnes
478 3641 704 3717 magistratibus
724 3641 900 3715 nominavit)

196 3739 291 3822 quive
314 3737 346 3801 in
370 3741 480 3801 senatu
504 3736 695 3801 sententium
712 3737 793 3800 dixit
809 3737 934 3811 dixerit,
959 3771 998 3781 —
1016 3737 1071 3820 qui
1088 3759 1197 3800 eorum
1213 3737 1289 3801 coiit

114 3881 320 3889 ——--.-—-—

182 3948 207 4015 l)
227 3947 273 4001 Ita
289 3961 340 4015 pro
357 3944 453 3998 carina
465 3943 614 3998 mandavit
625 3944 737 3998 Lucbm.
750 3943 850 3997 Cautus
860 3948 925 3997 suro
937 3949 1037 4011 coepto.
1050 3973 1085 3982 —
1097 3944 1125 4012 2)
1139 3943 1206 3998 0011.
1216 3947 1288 4009 1,3,1.

115 4062 145 4072 -
166 4037 193 4102 3)
218 4033 303 4087 Verbo
322 4034 355 4086 ut
373 4032 396 4084 is
414 4037 439 4085 et
458 4030 500 4084 uti
519 4034 639 4100 quaerat
655 4048 710 4085 non
722 4037 884 4097 concertarem
901 4031 979 4099 prius
992 4033 1023 4084 nt
1040 4030 1157 4099 Ulpiani,
1176 4031 1288 4084 atterum

116 4122 176 4189 topia
193 4137 248 4175 csse
265 4119 377 4186 videtur,
396 4120 516 4188 quamvis
535 4122 564 4172 ia
582 4120 703 4186 &quenti
719 4120 806 4187 cupite
822 4119 952 4187 scriptum
969 4120 1005 4173 ut
1023 4116 1161 4186 quaerito.
1192 4117 1289 4186 [Irrupe-

114 4208 228 4261 rotivum
245 4207 290 4259 lex
305 4207 432 4274 requirit,-
460 4205 658 4259 coniunctiorem
682 4204 814 4272 Ulpianus
828 4206 929 4271 posuit.
959 4205 1007 4260 Tu.
1029 4203 1075 4273 u]
1100 4234 1129 4243 -
1150 4204 1178 4272 4)
1198 4201 1291 4270 Cupite

115 4294 175 4363 tepet
193 4296 288 4363 quinto
306 4293 354 4347 boc
371 4295 472 4348 irtacum
491 4310 545 4347 eoae
563 4293 629 4346 dior
647 4289 988 4359 Μανοιὶιη.1);48,8,3ρν.
1007 4322 1042 4330 -
1061 4291 1088 4352 5)
1108 4290 1169 4343 Hoc
1186 4289 1290 4342 addunt

115 4387 138 4434 et
155 4381 294 4435 Marcion.
319 4382 349 4434 in
366 4380 403 4436 D.
422 4381 439 4433 t.
458 4397 478 4434 c.
498 4385 537 4446 1‚1
556 4386 581 4433 et
600 4383 643 4446 3,1
662 4385 687 4432 et
707 4379 785 4434 Paul.
806 4380 834 4431 in
852 4381 917 4432 sent
935 4381 1027 4444 5‚23,1.
