<?xml version="1.0" encoding="UTF-8"?>
<!DOCTYPE html PUBLIC "-//W3C//DTD XHTML 1.0 Transitional//EN"
    "http://www.w3.org/TR/xhtml1/DTD/xhtml1-transitional.dtd">
<html xmlns="http://www.w3.org/1999/xhtml" xml:lang="en" lang="en">
 <head>
  <title>
</title>
<meta http-equiv="Content-Type" content="text/html;charset=utf-8" />
  <meta name='ocr-system' content='tesseract 3.04.00' />
  <meta name='ocr-capabilities' content='ocr_page ocr_carea ocr_par ocr_line ocrx_word'/>
</head>
<body>
  <div class='ocr_page' id='page_1' title='image "./fontesiurisroma03brungoog_0224.png"; bbox 0 0 2992 5040; ppageno 0'>
   <div class='ocr_carea' id='block_1_1' title="bbox 155 318 862 389">
    <p class='ocr_par' dir='ltr' id='par_1_1' title="bbox 155 318 862 389">
     <span class='ocr_line' id='line_1_1' title="bbox 155 318 862 389; baseline 0.003 -15"><span class='ocrx_word' id='word_1_1' title='bbox 155 322 217 389; x_wconf 85' lang='lat'>186</span> <span class='ocrx_word' id='word_1_2' title='bbox 607 318 656 375; x_wconf 81' lang='lat' dir='ltr'>SC.</span> <span class='ocrx_word' id='word_1_3' title='bbox 676 319 862 376; x_wconf 78' lang='lat' dir='ltr'>Ostorienum.</span> 
     </span>
    </p>
   </div>
   <div class='ocr_carea' id='block_1_2' title="bbox 152 496 1338 898">
    <p class='ocr_par' dir='ltr' id='par_1_2' title="bbox 152 496 1338 898">
     <span class='ocr_line' id='line_1_2' title="bbox 152 496 1337 583; baseline -0.002 -19"><span class='ocrx_word' id='word_1_4' title='bbox 152 500 207 565; x_wconf 88' lang='lat' dir='ltr'>sed</span> <span class='ocrx_word' id='word_1_5' title='bbox 243 505 276 564; x_wconf 92' lang='lat' dir='ltr'>et</span> <span class='ocrx_word' id='word_1_6' title='bbox 297 499 465 583; x_wconf 78' lang='lat' dir='ltr'>Aegyptus</span> <span class='ocrx_word' id='word_1_7' title='bbox 501 496 562 562; x_wconf 84' lang='lat' dir='ltr'>hoc</span> <span class='ocrx_word' id='word_1_8' title='bbox 583 519 692 562; x_wconf 90' lang='lat' dir='ltr'>mense</span> <span class='ocrx_word' id='word_1_9' title='bbox 714 498 748 561; x_wconf 88' lang='lat' dir='ltr'>iu</span> <span class='ocrx_word' id='word_1_10' title='bbox 772 502 962 581; x_wconf 88' lang='lat' dir='ltr'>potestatem</span> <span class='ocrx_word' id='word_1_11' title='bbox 987 499 1096 582; x_wconf 88' lang='lat' dir='ltr'>populi</span> <span class='ocrx_word' id='word_1_12' title='bbox 1125 497 1263 564; x_wconf 85' lang='lat' dir='ltr'>Romani</span> <span class='ocrx_word' id='word_1_13' title='bbox 1284 520 1337 563; x_wconf 88' lang='lat' dir='ltr'>re·</span> 
     </span>
     <span class='ocr_line' id='line_1_3' title="bbox 154 602 1337 688; baseline -0.002 -19"><span class='ocrx_word' id='word_1_14' title='bbox 154 605 247 669; x_wconf 83' lang='lat' dir='ltr'>decta</span> <span class='ocrx_word' id='word_1_15' title='bbox 277 605 321 669; x_wconf 92' lang='lat' dir='ltr'>sit</span> <span class='ocrx_word' id='word_1_16' title='bbox 343 603 481 688; x_wconf 87' lang='lat' dir='ltr'>finisque</span> <span class='ocrx_word' id='word_1_17' title='bbox 504 603 565 666; x_wconf 87' lang='lat' dir='ltr'>hoe</span> <span class='ocrx_word' id='word_1_18' title='bbox 587 623 695 667; x_wconf 89' lang='lat' dir='ltr'>mense</span> <span class='ocrx_word' id='word_1_19' title='bbox 717 602 810 667; x_wconf 88' lang='lat' dir='ltr'>bellis</span> <span class='ocrx_word' id='word_1_20' title='bbox 833 602 981 667; x_wconf 86' lang='lat' dir='ltr'>civilibus</span> <span class='ocrx_word' id='word_1_21' title='bbox 1004 603 1162 687; x_wconf 86' lang='lat' dir='ltr'>inpositus</span> <span class='ocrx_word' id='word_1_22' title='bbox 1191 604 1254 683; x_wconf 83' lang='lat' dir='ltr'>sit,</span> <span class='ocrx_word' id='word_1_23' title='bbox 1287 609 1337 669; x_wconf 84' lang='lat' dir='ltr'>at-</span> 
     </span>
     <span class='ocr_line' id='line_1_4' title="bbox 153 707 1338 792; baseline 0 -19"><span class='ocrx_word' id='word_1_24' title='bbox 153 730 216 792; x_wconf 84' lang='lat' dir='ltr'>que</span> <span class='ocrx_word' id='word_1_25' title='bbox 245 709 287 773; x_wconf 91' lang='lat' dir='ltr'>ob</span> <span class='ocrx_word' id='word_1_26' title='bbox 319 708 378 773; x_wconf 80' lang='lat' dir='ltr'>bas</span> <span class='ocrx_word' id='word_1_27' title='bbox 401 729 511 773; x_wconf 78' lang='lat' dir='ltr'>causas</span> <span class='ocrx_word' id='word_1_28' title='bbox 535 708 728 772; x_wconf 80' lang='lat' dir='ltr'>blemensis</span> <span class='ocrx_word' id='word_1_29' title='bbox 751 707 828 772; x_wconf 85' lang='lat' dir='ltr'>huic</span> <span class='ocrx_word' id='word_1_30' title='bbox 851 709 985 792; x_wconf 86' lang='lat' dir='ltr'>irnperio</span> <span class='ocrx_word' id='word_1_31' title='bbox 1008 707 1210 773; x_wconf 88' lang='lat' dir='ltr'>felicissimus</span> <span class='ocrx_word' id='word_1_32' title='bbox 1235 710 1279 774; x_wconf 89' lang='lat' dir='ltr'>sit</span> <span class='ocrx_word' id='word_1_33' title='bbox 1299 731 1338 773; x_wconf 87' lang='lat' dir='ltr'>ac</span> 
     </span>
     <span class='ocr_line' id='line_1_5' title="bbox 158 812 1270 898; baseline 0.003 -21"><span class='ocrx_word' id='word_1_34' title='bbox 158 813 265 888; x_wconf 82' lang='lat' dir='ltr'>fuerit,</span> <span class='ocrx_word' id='word_1_35' title='bbox 290 813 416 897; x_wconf 87' lang='lat' dir='ltr'>placere</span> <span class='ocrx_word' id='word_1_36' title='bbox 436 812 570 889; x_wconf 82' lang='lat' dir='ltr'>senatui,</span> <span class='ocrx_word' id='word_1_37' title='bbox 594 815 632 877; x_wconf 90' lang='lat' dir='ltr'>ut</span> <span class='ocrx_word' id='word_1_38' title='bbox 653 812 707 876; x_wconf 87' lang='lat' dir='ltr'>hie</span> <span class='ocrx_word' id='word_1_39' title='bbox 731 813 849 877; x_wconf 84' lang='lat' dir='ltr'>mensis</span> <span class='ocrx_word' id='word_1_40' title='bbox 877 814 1042 898; x_wconf 71' lang='lat' dir='ltr'>Augustas</span> <span class='ocrx_word' id='word_1_41' title='bbox 1065 813 1270 896; x_wconf 86' lang='lat' dir='ltr'>appelletur¹.</span> 
     </span>
    </p>
   </div>
   <div class='ocr_carea' id='block_1_3' title="bbox 513 985 975 1072">
    <p class='ocr_par' dir='ltr' id='par_1_3' title="bbox 513 985 975 1072">
     <span class='ocr_line' id='line_1_6' title="bbox 513 985 975 1072; baseline 0.004 -21"><span class='ocrx_word' id='word_1_42' title='bbox 513 986 566 1051; x_wconf 88' lang='grc'>47.</span> <span class='ocrx_word' id='word_1_43' title='bbox 602 985 666 1053; x_wconf 79' lang='lat' dir='ltr'>SC.</span> <span class='ocrx_word' id='word_1_44' title='bbox 693 988 739 1052; x_wconf 92' lang='lat' dir='ltr'>de</span> <span class='ocrx_word' id='word_1_45' title='bbox 763 987 975 1072; x_wconf 80' lang='lat' dir='ltr'>collegiis</span> 
     </span>
    </p>
   </div>
   <div class='ocr_carea' id='block_1_4' title="bbox 154 1125 1338 1391">
    <p class='ocr_par' dir='ltr' id='par_1_4' title="bbox 154 1125 1338 1391">
     <span class='ocr_line' id='line_1_7' title="bbox 236 1125 1337 1201; baseline -0.001 -16"><span class='ocrx_word' id='word_1_46' title='bbox 236 1127 253 1198; x_wconf 96' lang='lat'><em>(</em></span> <span class='ocrx_word' id='word_1_47' title='bbox 254 1126 352 1201; x_wconf 75' lang='lat' dir='ltr'>Caput</span> <span class='ocrx_word' id='word_1_48' title='bbox 372 1144 407 1185; x_wconf 80' lang='lat' dir='ltr'>eu</span> <span class='ocrx_word' id='word_1_49' title='bbox 421 1125 478 1186; x_wconf 83' lang='lat' dir='ltr'>SC.</span> <span class='ocrx_word' id='word_1_50' title='bbox 501 1127 537 1184; x_wconf 84' lang='lat' dir='ltr'>de</span> <span class='ocrx_word' id='word_1_51' title='bbox 558 1128 689 1201; x_wconf 73' lang='lat' dir='ltr'>cotlcyiis</span> <span class='ocrx_word' id='word_1_52' title='bbox 711 1129 795 1186; x_wconf 85' lang='lat' dir='ltr'>titulo</span> <span class='ocrx_word' id='word_1_53' title='bbox 817 1129 934 1201; x_wconf 71' lang='lat' dir='ltr'>colloq-ii</span> <span class='ocrx_word' id='word_1_54' title='bbox 954 1128 1109 1197; x_wconf 79' lang='lat' dir='ltr'>Luuuoiui</span> <span class='ocrx_word' id='word_1_55' title='bbox 1130 1128 1271 1186; x_wconf 79' lang='lat' dir='ltr'>iusertuur</span> <span class='ocrx_word' id='word_1_56' title='bbox 1287 1133 1337 1186; x_wconf 87' lang='lat' dir='ltr'>cst.</span> 
     </span>
     <span class='ocr_line' id='line_1_8' title="bbox 154 1222 1338 1298; baseline 0.002 -19"><span class='ocrx_word' id='word_1_57' title='bbox 154 1238 241 1294; x_wconf 49' lang='lat' dir='ltr'>queam</span> <span class='ocrx_word' id='word_1_58' title='bbox 262 1224 408 1296; x_wconf 72' lang='lat' dir='ltr'>inteyrum</span> <span class='ocrx_word' id='word_1_59' title='bbox 432 1241 456 1282; x_wconf 83' lang='lat' dir='ltr'>u.</span> <span class='ocrx_word' id='word_1_60' title='bbox 479 1224 556 1281; x_wconf 85' lang='lat' dir='ltr'>iuter</span> <span class='ocrx_word' id='word_1_61' title='bbox 577 1222 705 1296; x_wconf 71' lang='lat' dir='ltr'>Neuotio</span> <span class='ocrx_word' id='word_1_62' title='bbox 727 1241 791 1296; x_wconf 80' lang='lat' dir='ltr'>cup.</span> <span class='ocrx_word' id='word_1_63' title='bbox 806 1223 912 1281; x_wconf 88' lang='lat' dir='ltr'><em>XIII..</em></span> <span class='ocrx_word' id='word_1_64' title='bbox 942 1223 1078 1298; x_wconf 74' lang='lat' dir='ltr'>Auyusto</span> <span class='ocrx_word' id='word_1_65' title='bbox 1098 1222 1223 1283; x_wconf 76' lang='lat' dir='ltr'>laeso.</span> <span class='ocrx_word' id='word_1_66' title='bbox 1244 1225 1338 1282; x_wconf 84' lang='lat' dir='ltr'>adtri-</span> 
     </span>
     <span class='ocr_line' id='line_1_9' title="bbox 155 1318 640 1391; baseline 0.004 -16"><span class='ocrx_word' id='word_1_67' title='bbox 155 1319 218 1376; x_wconf 82' lang='lat' dir='ltr'>buit</span> <span class='ocrx_word' id='word_1_68' title='bbox 239 1318 302 1378; x_wconf 81' lang='lat' dir='ltr'>Mo.</span> <span class='ocrx_word' id='word_1_69' title='bbox 324 1318 360 1377; x_wconf 85' lang='lat' dir='ltr'>de</span> <span class='ocrx_word' id='word_1_70' title='bbox 381 1319 512 1391; x_wconf 62' lang='lat' dir='ltr'>tollentis</span> <span class='ocrx_word' id='word_1_71' title='bbox 527 1338 560 1391; x_wconf 77' lang='lat' dir='ltr'>p.</span> <span class='ocrx_word' id='word_1_72' title='bbox 576 1321 640 1389; x_wconf 78' lang='lat'><strong><em>81.)</em></strong></span> 
     </span>
    </p>
   </div>
   <div class='ocr_carea' id='block_1_5' title="bbox 456 1483 1038 1551">
    <p class='ocr_par' dir='ltr' id='par_1_5' title="bbox 456 1483 1038 1551">
     <span class='ocr_line' id='line_1_10' title="bbox 456 1483 1038 1551; baseline -0.002 -1"><span class='ocrx_word' id='word_1_73' title='bbox 456 1485 509 1550; x_wconf 83' lang='grc'>48.</span> <span class='ocrx_word' id='word_1_74' title='bbox 537 1483 600 1551; x_wconf 78' lang='lat' dir='ltr'>SC.</span> <span class='ocrx_word' id='word_1_75' title='bbox 626 1485 909 1551; x_wconf 85' lang='lat' dir='ltr'>Vellaeanunr</span> <span class='ocrx_word' id='word_1_76' title='bbox 933 1508 960 1551; x_wconf 84' lang='lat' dir='ltr'>s.</span> <span class='ocrx_word' id='word_1_77' title='bbox 986 1487 1038 1551; x_wconf 91' lang='grc'>46.</span> 
     </span>
    </p>
   </div>
   <div class='ocr_carea' id='block_1_6' title="bbox 154 1617 1340 1798">
    <p class='ocr_par' dir='ltr' id='par_1_6' title="bbox 154 1617 1340 1798">
     <span class='ocr_line' id='line_1_11' title="bbox 237 1617 1340 1698; baseline -0.004 -15"><span class='ocrx_word' id='word_1_78' title='bbox 237 1622 403 1698; x_wconf 75' lang='lat' dir='ltr'>(Ulpianus</span> <span class='ocrx_word' id='word_1_79' title='bbox 425 1622 544 1682; x_wconf 87' lang='lat' dir='ltr'><em>XXIX</em></span> <span class='ocrx_word' id='word_1_80' title='bbox 563 1624 603 1681; x_wconf 87' lang='lat' dir='ltr'>ad</span> <span class='ocrx_word' id='word_1_81' title='bbox 624 1617 782 1682; x_wconf 84' lang='lat' dir='ltr'>cdtetum:&#39;</span> <span class='ocrx_word' id='word_1_82' title='bbox 804 1621 910 1681; x_wconf 84' lang='lat' dir='ltr'>Postea</span> <span class='ocrx_word' id='word_1_83' title='bbox 930 1621 1041 1681; x_wconf 83' lang='lat' dir='ltr'>facturn</span> <span class='ocrx_word' id='word_1_84' title='bbox 1063 1626 1109 1681; x_wconf 89' lang='lat' dir='ltr'>est</span> <span class='ocrx_word' id='word_1_85' title='bbox 1129 1621 1190 1691; x_wconf 66' lang='lat' dir='ltr'>SC„</span> <span class='ocrx_word' id='word_1_86' title='bbox 1204 1622 1340 1680; x_wconf 87' lang='lat' dir='ltr'>—cuius</span> 
     </span>
     <span class='ocr_line' id='line_1_12' title="bbox 154 1718 545 1798; baseline 0 -20"><span class='ocrx_word' id='word_1_87' title='bbox 154 1718 225 1778; x_wconf 75' lang='lat' dir='ltr'>suti</span> <span class='ocrx_word' id='word_1_88' title='bbox 246 1720 336 1778; x_wconf 85' lang='lat' dir='ltr'>verba</span> <span class='ocrx_word' id='word_1_89' title='bbox 355 1720 427 1779; x_wconf 84' lang='lat' dir='ltr'>haee</span> <span class='ocrx_word' id='word_1_90' title='bbox 446 1721 545 1798; x_wconf 76' lang='lat' dir='ltr'>sunt:)</span> 
     </span>
    </p>
   </div>
   <div class='ocr_carea' id='block_1_7' title="bbox 155 1813 1342 2843">
    <p class='ocr_par' dir='ltr' id='par_1_7' title="bbox 156 1813 1341 2110">
     <span class='ocr_line' id='line_1_13' title="bbox 244 1813 1341 1898; baseline -0.001 -17"><span class='ocrx_word' id='word_1_91' title='bbox 244 1815 334 1893; x_wconf 85' lang='lat' dir='ltr'>Quod</span> <span class='ocrx_word' id='word_1_92' title='bbox 358 1816 402 1881; x_wconf 87' lang='lat' dir='ltr'>M.</span> <span class='ocrx_word' id='word_1_93' title='bbox 427 1814 557 1880; x_wconf 80' lang='lat' dir='ltr'>Silanus</span> <span class='ocrx_word' id='word_1_94' title='bbox 581 1820 613 1879; x_wconf 92' lang='lat' dir='ltr'>et</span> <span class='ocrx_word' id='word_1_95' title='bbox 638 1813 816 1898; x_wconf 82' lang='lat' dir='ltr'>Vell(s)eus</span> <span class='ocrx_word' id='word_1_96' title='bbox 839 1813 943 1879; x_wconf 88' lang='lat' dir='ltr'>Tutor</span> <span class='ocrx_word' id='word_1_97' title='bbox 966 1813 1046 1879; x_wconf 64' lang='grc' dir='ltr'>οοε.8</span> <span class='ocrx_word' id='word_1_98' title='bbox 1076 1815 1172 1880; x_wconf 81' lang='lat' dir='ltr'>verbe</span> <span class='ocrx_word' id='word_1_99' title='bbox 1194 1815 1341 1880; x_wconf 84' lang='lat' dir='ltr'>fecerunt</span> 
     </span>
     <span class='ocr_line' id='line_1_14' title="bbox 158 1919 1341 2008; baseline -0.001 -23"><span class='ocrx_word' id='word_1_100' title='bbox 158 1921 197 1985; x_wconf 92' lang='lat' dir='ltr'>de</span> <span class='ocrx_word' id='word_1_101' title='bbox 219 1921 473 2008; x_wconf 76' lang='lat' dir='ltr'>obligationibus</span> <span class='ocrx_word' id='word_1_102' title='bbox 496 1921 704 1997; x_wconf 77' lang='lat' dir='ltr'>feminarum,</span> <span class='ocrx_word' id='word_1_103' title='bbox 738 1942 819 2003; x_wconf 84' lang='lat' dir='ltr'>quae</span> <span class='ocrx_word' id='word_1_104' title='bbox 843 1942 900 2002; x_wconf 93' lang='lat' dir='ltr'>pro</span> <span class='ocrx_word' id='word_1_105' title='bbox 925 1919 996 1984; x_wconf 88' lang='lat' dir='ltr'>aliis</span> <span class='ocrx_word' id='word_1_106' title='bbox 1022 1942 1093 1984; x_wconf 82' lang='lat' dir='ltr'>rese</span> <span class='ocrx_word' id='word_1_107' title='bbox 1116 1920 1239 1999; x_wconf 87' lang='lat' dir='ltr'>fierent,</span> <span class='ocrx_word' id='word_1_108' title='bbox 1263 1921 1341 2005; x_wconf 92' lang='lat' dir='ltr'>quid</span> 
     </span>
     <span class='ocr_line' id='line_1_15' title="bbox 156 2026 564 2110; baseline -0.007 -19"><span class='ocrx_word' id='word_1_109' title='bbox 156 2026 193 2091; x_wconf 88' lang='lat' dir='ltr'>de</span> <span class='ocrx_word' id='word_1_110' title='bbox 217 2049 254 2091; x_wconf 86' lang='lat' dir='ltr'>ea</span> <span class='ocrx_word' id='word_1_111' title='bbox 278 2049 312 2091; x_wconf 89' lang='lat' dir='ltr'>re</span> <span class='ocrx_word' id='word_1_112' title='bbox 334 2027 402 2090; x_wconf 89' lang='lat' dir='ltr'>fieri</span> <span class='ocrx_word' id='word_1_113' title='bbox 426 2028 564 2110; x_wconf 85' lang='lat' dir='ltr'>oportet,</span> 
     </span>
    </p>

    <p class='ocr_par' dir='ltr' id='par_1_8' title="bbox 155 2129 1342 2843">
     <span class='ocr_line' id='line_1_16' title="bbox 244 2129 1341 2214; baseline -0.001 -19"><span class='ocrx_word' id='word_1_114' title='bbox 244 2131 283 2196; x_wconf 89' lang='lat' dir='ltr'>de</span> <span class='ocrx_word' id='word_1_115' title='bbox 305 2153 343 2196; x_wconf 85' lang='lat' dir='ltr'>ee</span> <span class='ocrx_word' id='word_1_116' title='bbox 366 2152 400 2195; x_wconf 90' lang='lat' dir='ltr'>re</span> <span class='ocrx_word' id='word_1_117' title='bbox 422 2132 470 2195; x_wconf 87' lang='lat' dir='ltr'>ita</span> <span class='ocrx_word' id='word_1_118' title='bbox 492 2151 655 2194; x_wconf 78' lang='lat' dir='ltr'>censuere:</span> <span class='ocrx_word' id='word_1_119' title='bbox 688 2130 773 2214; x_wconf 92' lang='lat' dir='ltr'>quod</span> <span class='ocrx_word' id='word_1_120' title='bbox 798 2131 835 2194; x_wconf 85' lang='lat' dir='ltr'>od</span> <span class='ocrx_word' id='word_1_121' title='bbox 860 2129 1076 2194; x_wconf 84' lang='lat' dir='ltr'>fideiussioncs</span> <span class='ocrx_word' id='word_1_122' title='bbox 1099 2134 1132 2194; x_wconf 92' lang='lat' dir='ltr'>et</span> <span class='ocrx_word' id='word_1_123' title='bbox 1154 2129 1260 2193; x_wconf 87' lang='lat' dir='ltr'>mutui</span> <span class='ocrx_word' id='word_1_124' title='bbox 1283 2130 1341 2194; x_wconf 88' lang='lat' dir='ltr'>da·</span> 
     </span>
     <span class='ocr_line' id='line_1_17' title="bbox 155 2235 1341 2320; baseline 0 -20"><span class='ocrx_word' id='word_1_125' title='bbox 155 2236 260 2301; x_wconf 90' lang='lat' dir='ltr'>tiones</span> <span class='ocrx_word' id='word_1_126' title='bbox 282 2257 341 2320; x_wconf 90' lang='lat' dir='ltr'>pro</span> <span class='ocrx_word' id='word_1_127' title='bbox 364 2235 446 2314; x_wconf 86' lang='lat' dir='ltr'>aliis,</span> <span class='ocrx_word' id='word_1_128' title='bbox 471 2236 588 2320; x_wconf 91' lang='lat' dir='ltr'>quibus</span> <span class='ocrx_word' id='word_1_129' title='bbox 604 2235 842 2301; x_wconf 77' lang='lat' dir='ltr'>intercesserint</span> <span class='ocrx_word' id='word_1_130' title='bbox 857 2235 1005 2313; x_wconf 79' lang='lat' dir='ltr'>feminae,</span> <span class='ocrx_word' id='word_1_131' title='bbox 1029 2237 1185 2320; x_wconf 79' lang='lat' dir='ltr'>pertinet:</span> <span class='ocrx_word' id='word_1_132' title='bbox 1210 2237 1341 2300; x_wconf 83' lang='lat' dir='ltr'>tametsi</span> 
     </span>
     <span class='ocr_line' id='line_1_18' title="bbox 156 2338 1340 2427; baseline 0 -23"><span class='ocrx_word' id='word_1_133' title='bbox 156 2346 230 2405; x_wconf 89' lang='lat' dir='ltr'>ante</span> <span class='ocrx_word' id='word_1_134' title='bbox 254 2341 380 2407; x_wconf 87' lang='lat' dir='ltr'>videtur</span> <span class='ocrx_word' id='word_1_135' title='bbox 395 2340 442 2405; x_wconf 81' lang='lat' dir='ltr'>ita</span> <span class='ocrx_word' id='word_1_136' title='bbox 457 2341 506 2405; x_wconf 88' lang='lat' dir='ltr'>ius</span> <span class='ocrx_word' id='word_1_137' title='bbox 523 2340 643 2405; x_wconf 87' lang='lat' dir='ltr'>dictum</span> <span class='ocrx_word' id='word_1_138' title='bbox 662 2362 740 2418; x_wconf 75' lang='lat' dir='ltr'>esse,</span> <span class='ocrx_word' id='word_1_139' title='bbox 764 2363 803 2405; x_wconf 89' lang='lat' dir='ltr'>ne</span> <span class='ocrx_word' id='word_1_140' title='bbox 819 2363 855 2404; x_wconf 89' lang='lat' dir='ltr'>eo</span> <span class='ocrx_word' id='word_1_141' title='bbox 872 2341 1001 2405; x_wconf 84' lang='lat' dir='ltr'>nornine</span> <span class='ocrx_word' id='word_1_142' title='bbox 1017 2341 1057 2404; x_wconf 90' lang='lat' dir='ltr'>ab</span> <span class='ocrx_word' id='word_1_143' title='bbox 1073 2339 1124 2404; x_wconf 92' lang='lat' dir='ltr'>his</span> <span class='ocrx_word' id='word_1_144' title='bbox 1139 2339 1255 2424; x_wconf 90' lang='lat' dir='ltr'>petitio</span> <span class='ocrx_word' id='word_1_145' title='bbox 1271 2338 1340 2427; x_wconf 87' lang='lat' dir='ltr'>[sit]</span> 
     </span>
     <span class='ocr_line' id='line_1_19' title="bbox 155 2445 1342 2529; baseline 0.001 -20"><span class='ocrx_word' id='word_1_146' title='bbox 155 2467 234 2511; x_wconf 85' lang='lat' dir='ltr'>neve</span> <span class='ocrx_word' id='word_1_147' title='bbox 257 2447 290 2509; x_wconf 94' lang='lat' dir='ltr'>in</span> <span class='ocrx_word' id='word_1_148' title='bbox 313 2468 365 2510; x_wconf 85' lang='lat' dir='ltr'>eas</span> <span class='ocrx_word' id='word_1_149' title='bbox 389 2445 473 2510; x_wconf 87' lang='lat' dir='ltr'>actio</span> <span class='ocrx_word' id='word_1_150' title='bbox 498 2445 601 2523; x_wconf 76' lang='lat' dir='ltr'>detur,</span> <span class='ocrx_word' id='word_1_151' title='bbox 624 2468 696 2510; x_wconf 89' lang='lat' dir='ltr'>cum</span> <span class='ocrx_word' id='word_1_152' title='bbox 719 2468 772 2511; x_wconf 81' lang='lat' dir='ltr'>ess</span> <span class='ocrx_word' id='word_1_153' title='bbox 795 2446 943 2511; x_wconf 85' lang='lat' dir='ltr'>virilibus</span> <span class='ocrx_word' id='word_1_154' title='bbox 967 2445 1083 2511; x_wconf 86' lang='lat' dir='ltr'>officiis</span> <span class='ocrx_word' id='word_1_155' title='bbox 1107 2445 1201 2529; x_wconf 83' lang='lat' dir='ltr'>fungi</span> <span class='ocrx_word' id='word_1_156' title='bbox 1224 2445 1342 2510; x_wconf 90' lang='lat' dir='ltr'>eteius</span> 
     </span>
     <span class='ocr_line' id='line_1_20' title="bbox 155 2548 1342 2635; baseline 0.002 -22"><span class='ocrx_word' id='word_1_157' title='bbox 155 2550 281 2634; x_wconf 84' lang='lat' dir='ltr'>generis</span> <span class='ocrx_word' id='word_1_158' title='bbox 304 2548 562 2632; x_wconf 78' lang='lat' dir='ltr'>obligationibus</span> <span class='ocrx_word' id='word_1_159' title='bbox 587 2549 746 2635; x_wconf 80' lang='lat' dir='ltr'>obstringi</span> <span class='ocrx_word' id='word_1_160' title='bbox 770 2573 834 2614; x_wconf 92' lang='lat' dir='ltr'>nou</span> <span class='ocrx_word' id='word_1_161' title='bbox 851 2550 894 2614; x_wconf 89' lang='lat' dir='ltr'>sit</span> <span class='ocrx_word' id='word_1_162' title='bbox 910 2573 1056 2634; x_wconf 72' lang='lat' dir='ltr'>aequant,</span> <span class='ocrx_word' id='word_1_163' title='bbox 1080 2550 1231 2614; x_wconf 82' lang='lat' dir='ltr'>arbitrari</span> <span class='ocrx_word' id='word_1_164' title='bbox 1247 2573 1342 2615; x_wconf 82' lang='lat' dir='ltr'>sena·</span> 
     </span>
     <span class='ocr_line' id='line_1_21' title="bbox 156 2653 1341 2739; baseline 0.002 -21"><span class='ocrx_word' id='word_1_165' title='bbox 156 2659 234 2732; x_wconf 86' lang='lat' dir='ltr'>tum,</span> <span class='ocrx_word' id='word_1_166' title='bbox 259 2658 343 2718; x_wconf 86' lang='lat' dir='ltr'>recte</span> <span class='ocrx_word' id='word_1_167' title='bbox 356 2658 454 2738; x_wconf 82' lang='lat' dir='ltr'>atque</span> <span class='ocrx_word' id='word_1_168' title='bbox 472 2653 583 2719; x_wconf 87' lang='lat' dir='ltr'>ordine</span> <span class='ocrx_word' id='word_1_169' title='bbox 599 2654 750 2731; x_wconf 84' lang='lat' dir='ltr'>facturos,</span> <span class='ocrx_word' id='word_1_170' title='bbox 772 2655 811 2719; x_wconf 88' lang='lat' dir='ltr'>ed</span> <span class='ocrx_word' id='word_1_171' title='bbox 828 2678 908 2739; x_wconf 92' lang='lat' dir='ltr'>quos</span> <span class='ocrx_word' id='word_1_172' title='bbox 924 2655 962 2720; x_wconf 92' lang='lat' dir='ltr'>de</span> <span class='ocrx_word' id='word_1_173' title='bbox 978 2678 1015 2721; x_wconf 82' lang='lat' dir='ltr'>es</span> <span class='ocrx_word' id='word_1_174' title='bbox 1031 2655 1113 2720; x_wconf 91' lang='lat' dir='ltr'>rein</span> <span class='ocrx_word' id='word_1_175' title='bbox 1132 2656 1200 2720; x_wconf 91' lang='lat' dir='ltr'>iure</span> <span class='ocrx_word' id='word_1_176' title='bbox 1217 2655 1341 2720; x_wconf 87' lang='lat' dir='ltr'>aditum</span> 
     </span>
     <span class='ocr_line' id='line_1_22' title="bbox 156 2758 1339 2843; baseline 0.003 -19"><span class='ocrx_word' id='word_1_177' title='bbox 156 2758 228 2838; x_wconf 92' lang='lat' dir='ltr'>erit,</span> <span class='ocrx_word' id='word_1_178' title='bbox 251 2758 279 2823; x_wconf 91' lang='lat' dir='ltr'>si</span> <span class='ocrx_word' id='word_1_179' title='bbox 301 2758 445 2823; x_wconf 88' lang='lat' dir='ltr'>dederint</span> <span class='ocrx_word' id='word_1_180' title='bbox 468 2781 607 2843; x_wconf 78' lang='lat' dir='ltr'>operum,</span> <span class='ocrx_word' id='word_1_181' title='bbox 631 2759 721 2824; x_wconf 90' lang='lat' dir='ltr'>utin</span> <span class='ocrx_word' id='word_1_182' title='bbox 747 2781 784 2823; x_wconf 88' lang='lat' dir='ltr'>ea</span> <span class='ocrx_word' id='word_1_183' title='bbox 807 2781 841 2822; x_wconf 90' lang='lat' dir='ltr'>re</span> <span class='ocrx_word' id='word_1_184' title='bbox 864 2765 994 2824; x_wconf 90' lang='lat' dir='ltr'>senatus</span> <span class='ocrx_word' id='word_1_185' title='bbox 1019 2761 1167 2825; x_wconf 81' lang='lat' dir='ltr'>voluntas</span> <span class='ocrx_word' id='word_1_186' title='bbox 1183 2766 1339 2827; x_wconf 85' lang='lat' dir='ltr'>servetur.</span> 
     </span>
    </p>
   </div>
   <div class='ocr_carea' id='block_1_8' title="bbox 394 2933 1104 3019">
    <p class='ocr_par' dir='ltr' id='par_1_9' title="bbox 394 2933 1104 3019">
     <span class='ocr_line' id='line_1_23' title="bbox 394 2933 1104 3019; baseline 0.006 -22"><span class='ocrx_word' id='word_1_187' title='bbox 394 2935 446 2999; x_wconf 85' lang='lat'>49.</span> <span class='ocrx_word' id='word_1_188' title='bbox 482 2933 546 3000; x_wconf 79' lang='lat' dir='ltr'>SC.</span> <span class='ocrx_word' id='word_1_189' title='bbox 572 2934 850 2999; x_wconf 87' lang='lat' dir='ltr'>Ostoriannrn</span> <span class='ocrx_word' id='word_1_190' title='bbox 876 2936 964 3019; x_wconf 74' lang='lat' dir='ltr'>(erite</span> <span class='ocrx_word' id='word_1_191' title='bbox 986 2958 1013 2998; x_wconf 86' lang='lat' dir='ltr'>a.</span> <span class='ocrx_word' id='word_1_192' title='bbox 1039 2935 1104 3018; x_wconf 75' lang='grc'><strong>47).</strong></span> 
     </span>
    </p>
   </div>
   <div class='ocr_carea' id='block_1_9' title="bbox 152 3069 1344 3753">
    <p class='ocr_par' dir='ltr' id='par_1_10' title="bbox 152 3069 1344 3753">
     <span class='ocr_line' id='line_1_24' title="bbox 226 3069 1341 3140; baseline 0 -16"><span class='ocrx_word' id='word_1_193' title='bbox 226 3069 395 3140; x_wconf 76' lang='lat' dir='ltr'>[Coruidum,</span> <span class='ocrx_word' id='word_1_194' title='bbox 413 3072 463 3125; x_wconf 86' lang='lat' dir='ltr'>sub</span> <span class='ocrx_word' id='word_1_195' title='bbox 481 3071 578 3139; x_wconf 80' lang='lat' dir='ltr'>quibus</span> <span class='ocrx_word' id='word_1_196' title='bbox 597 3071 747 3124; x_wconf 76' lang='lat' dir='ltr'>eorrsultuur</span> <span class='ocrx_word' id='word_1_197' title='bbox 761 3071 869 3138; x_wconf 81' lang='lat' dir='ltr'>suctum</span> <span class='ocrx_word' id='word_1_198' title='bbox 888 3078 933 3136; x_wconf 85' lang='lat' dir='ltr'>est,</span> <span class='ocrx_word' id='word_1_199' title='bbox 953 3071 1031 3138; x_wconf 81' lang='lat' dir='ltr'>prior</span> <span class='ocrx_word' id='word_1_200' title='bbox 1050 3086 1104 3139; x_wconf 79' lang='lat' dir='ltr'>quo</span> <span class='ocrx_word' id='word_1_201' title='bbox 1121 3073 1229 3124; x_wconf 86' lang='lat' dir='ltr'>uouu&#39;ue</span> <span class='ocrx_word' id='word_1_202' title='bbox 1241 3071 1341 3139; x_wconf 76' lang='lat' dir='ltr'>fucrit,</span> 
     </span>
     <span class='ocr_line' id='line_1_25' title="bbox 152 3157 1342 3228; baseline 0 -15"><span class='ocrx_word' id='word_1_203' title='bbox 152 3175 254 3226; x_wconf 81' lang='lat' dir='ltr'>purum</span> <span class='ocrx_word' id='word_1_204' title='bbox 277 3159 368 3228; x_wconf 76' lang='lat' dir='ltr'>liqrcet.</span> <span class='ocrx_word' id='word_1_205' title='bbox 408 3158 475 3213; x_wconf 88' lang='lat' dir='ltr'>Cum</span> <span class='ocrx_word' id='word_1_206' title='bbox 492 3159 523 3212; x_wconf 83' lang='lat' dir='ltr'>iu</span> <span class='ocrx_word' id='word_1_207' title='bbox 543 3158 646 3225; x_wconf 83' lang='grc' dir='ltr'><strong>Ι.3,8,3</strong></span> <span class='ocrx_word' id='word_1_208' title='bbox 665 3159 796 3226; x_wconf 75' lang='lat' dir='ltr'>scuiptuur</span> <span class='ocrx_word' id='word_1_209' title='bbox 815 3160 868 3211; x_wconf 87' lang='lat' dir='ltr'>sit:</span> <span class='ocrx_word' id='word_1_210' title='bbox 895 3157 973 3221; x_wconf 74' lang='lat' dir='ltr'>scio,</span> <span class='ocrx_word' id='word_1_211' title='bbox 994 3157 1068 3226; x_wconf 90' lang='lat' dir='ltr'>quod</span> <span class='ocrx_word' id='word_1_212' title='bbox 1088 3157 1251 3212; x_wconf 76' lang='lat' dir='ltr'>Claudianis</span> <span class='ocrx_word' id='word_1_213' title='bbox 1271 3162 1342 3213; x_wconf 90' lang='lat' dir='ltr'>tem·</span> 
     </span>
     <span class='ocr_line' id='line_1_26' title="bbox 156 3243 1342 3316; baseline -0.003 -14"><span class='ocrx_word' id='word_1_214' title='bbox 156 3246 273 3315; x_wconf 86' lang='lat' dir='ltr'>poribus</span> <span class='ocrx_word' id='word_1_215' title='bbox 292 3247 399 3300; x_wconf 83' lang='lat' dir='ltr'>fuctum</span> <span class='ocrx_word' id='word_1_216' title='bbox 418 3249 461 3302; x_wconf 88' lang='lat' dir='ltr'>est</span> <span class='ocrx_word' id='word_1_217' title='bbox 481 3243 570 3300; x_wconf 87' lang='lat' dir='ltr'>Suillo</span> <span class='ocrx_word' id='word_1_218' title='bbox 587 3245 660 3301; x_wconf 81' lang='lat' dir='ltr'>Rufo</span> <span class='ocrx_word' id='word_1_219' title='bbox 678 3248 707 3299; x_wconf 86' lang='lat' dir='ltr'>ot</span> <span class='ocrx_word' id='word_1_220' title='bbox 726 3245 835 3302; x_wconf 86' lang='lat' dir='ltr'>Ostorio</span> <span class='ocrx_word' id='word_1_221' title='bbox 854 3245 976 3316; x_wconf 79' lang='lat' dir='ltr'>Scapula</span> <span class='ocrx_word' id='word_1_222' title='bbox 998 3262 1061 3309; x_wconf 81' lang='lat' dir='ltr'>cos,</span> <span class='ocrx_word' id='word_1_223' title='bbox 1081 3246 1191 3299; x_wconf 53' lang='lat' dir='ltr'>dicdum</span> <span class='ocrx_word' id='word_1_224' title='bbox 1212 3253 1260 3312; x_wconf 77' lang='lat' dir='ltr'>est,</span> <span class='ocrx_word' id='word_1_225' title='bbox 1279 3253 1342 3299; x_wconf 89' lang='lat' dir='ltr'>utro</span> 
     </span>
     <span class='ocr_line' id='line_1_27' title="bbox 156 3333 1341 3402; baseline -0.003 -14"><span class='ocrx_word' id='word_1_226' title='bbox 156 3336 212 3388; x_wconf 85' lang='lat' dir='ltr'>loco</span> <span class='ocrx_word' id='word_1_227' title='bbox 236 3341 356 3388; x_wconf 74' lang='lat' dir='ltr'>mutius</span> <span class='ocrx_word' id='word_1_228' title='bbox 382 3336 429 3388; x_wconf 89' lang='lat' dir='ltr'>sit.</span> <span class='ocrx_word' id='word_1_229' title='bbox 467 3334 538 3386; x_wconf 85' lang='lat' dir='ltr'>Solet</span> <span class='ocrx_word' id='word_1_230' title='bbox 560 3334 699 3401; x_wconf 68' lang='lat' dir='ltr'>mueserri</span> <span class='ocrx_word' id='word_1_231' title='bbox 725 3351 778 3402; x_wconf 83' lang='lat' dir='ltr'>quo</span> <span class='ocrx_word' id='word_1_232' title='bbox 804 3335 988 3388; x_wconf 77' lang='lat' dir='ltr'>institutiones</span> <span class='ocrx_word' id='word_1_233' title='bbox 1015 3334 1116 3387; x_wconf 75' lang='lat' dir='ltr'>discum</span> <span class='ocrx_word' id='word_1_234' title='bbox 1135 3333 1231 3387; x_wconf 82' lang='lat' dir='ltr'>Suillir&#39;</span> <span class='ocrx_word' id='word_1_235' title='bbox 1247 3351 1341 3387; x_wconf 78' lang='lat' dir='ltr'>stoureu</span> 
     </span>
     <span class='ocr_line' id='line_1_28' title="bbox 158 3421 1342 3490; baseline -0.003 -14"><span class='ocrx_word' id='word_1_236' title='bbox 158 3422 327 3489; x_wconf 77' lang='lat' dir='ltr'>crediturque</span> <span class='ocrx_word' id='word_1_237' title='bbox 344 3438 401 3475; x_wconf 86' lang='lat' dir='ltr'>csse</span> <span class='ocrx_word' id='word_1_238' title='bbox 419 3423 444 3475; x_wconf 85' lang='lat' dir='ltr'>is</span> <span class='ocrx_word' id='word_1_239' title='bbox 463 3421 510 3489; x_wconf 74' lang='lat' dir='ltr'>qui</span> <span class='ocrx_word' id='word_1_240' title='bbox 528 3423 638 3489; x_wconf 72' lang='lat' dir='ltr'>suspires</span> <span class='ocrx_word' id='word_1_241' title='bbox 657 3429 877 3476; x_wconf 81' lang='lat' dir='ltr'>commemoratur</span> <span class='ocrx_word' id='word_1_242' title='bbox 896 3423 971 3490; x_wconf 76' lang='lat' dir='ltr'>opud</span> <span class='ocrx_word' id='word_1_243' title='bbox 984 3423 1001 3474; x_wconf 84' lang='lat' dir='ltr'><em>I</em></span> <span class='ocrx_word' id='word_1_244' title='bbox 1006 3424 1106 3476; x_wconf 69' lang='lat' dir='ltr'>usitetur</span> <span class='ocrx_word' id='word_1_245' title='bbox 1125 3422 1295 3474; x_wconf 69' lang='lat' dir='ltr'>statuendus</span> <span class='ocrx_word' id='word_1_246' title='bbox 1309 3421 1342 3474; x_wconf 87' lang='lat' dir='ltr'>P.</span> 
     </span>
     <span class='ocr_line' id='line_1_29' title="bbox 157 3507 1344 3579; baseline 0 -18"><span class='ocrx_word' id='word_1_247' title='bbox 157 3509 264 3569; x_wconf 84' lang='lat' dir='ltr'>Suillii,</span> <span class='ocrx_word' id='word_1_248' title='bbox 293 3509 409 3562; x_wconf 80' lang='lat' dir='ltr'>Suillius</span> <span class='ocrx_word' id='word_1_249' title='bbox 429 3508 523 3573; x_wconf 77' lang='lat' dir='ltr'>Rufus</span> <span class='ocrx_word' id='word_1_250' title='bbox 549 3510 700 3578; x_wconf 61' lang='lat' dir='ltr'>rrpfflllutus</span> <span class='ocrx_word' id='word_1_251' title='bbox 720 3511 795 3579; x_wconf 63' lang='lat' dir='ltr'>aluid</span> <span class='ocrx_word' id='word_1_252' title='bbox 813 3511 936 3564; x_wconf 84' lang='lat' dir='ltr'>Plinium</span> <span class='ocrx_word' id='word_1_253' title='bbox 956 3511 981 3564; x_wconf 81' lang='lat' dir='ltr'>tr.</span> <span class='ocrx_word' id='word_1_254' title='bbox 1000 3530 1026 3562; x_wconf 87' lang='lat' dir='ltr'>u.</span> <span class='ocrx_word' id='word_1_255' title='bbox 1047 3513 1146 3575; x_wconf 80' lang='lat'><strong><em>7,5,39‚</em></strong></span> <span class='ocrx_word' id='word_1_256' title='bbox 1173 3509 1205 3562; x_wconf 89' lang='lat' dir='ltr'>P.</span> <span class='ocrx_word' id='word_1_257' title='bbox 1224 3507 1344 3562; x_wconf 77' lang='lat' dir='ltr'>Suillius</span> 
     </span>
     <span class='ocr_line' id='line_1_30' title="bbox 159 3594 1343 3666; baseline 0.001 -17"><span class='ocrx_word' id='word_1_258' title='bbox 159 3595 254 3664; x_wconf 75' lang='lat' dir='ltr'>Rufus</span> <span class='ocrx_word' id='word_1_259' title='bbox 273 3597 367 3649; x_wconf 85' lang='lat' dir='ltr'>cousul</span> <span class='ocrx_word' id='word_1_260' title='bbox 385 3597 441 3648; x_wconf 80' lang='lat' dir='ltr'>loco</span> <span class='ocrx_word' id='word_1_261' title='bbox 459 3596 574 3650; x_wconf 77' lang='lat' dir='ltr'>secrurdo</span> <span class='ocrx_word' id='word_1_262' title='bbox 593 3597 681 3664; x_wconf 62' lang='lat' dir='ltr'>(sutor</span> <span class='ocrx_word' id='word_1_263' title='bbox 698 3598 785 3663; x_wconf 72' lang='lat' dir='ltr'>delicit</span> <span class='ocrx_word' id='word_1_264' title='bbox 798 3598 889 3665; x_wconf 76' lang='lat' dir='ltr'>lupide</span> <span class='ocrx_word' id='word_1_265' title='bbox 902 3598 992 3666; x_wconf 76' lang='lat' dir='ltr'>rupto)</span> <span class='ocrx_word' id='word_1_266' title='bbox 1014 3599 1040 3649; x_wconf 83' lang='lat' dir='ltr'>iu</span> <span class='ocrx_word' id='word_1_267' title='bbox 1054 3598 1132 3650; x_wconf 85' lang='lat' dir='ltr'>titulo</span> <span class='ocrx_word' id='word_1_268' title='bbox 1148 3596 1253 3649; x_wconf 81' lang='lat' dir='ltr'>urbano</span> <span class='ocrx_word' id='word_1_269' title='bbox 1267 3594 1343 3650; x_wconf 75' lang='lat' dir='ltr'>Mau.</span> 
     </span>
     <span class='ocr_line' id='line_1_31' title="bbox 156 3682 1343 3753; baseline 0 -18"><span class='ocrx_word' id='word_1_270' title='bbox 156 3682 320 3748; x_wconf 70' lang='lat'><em>304,4=0.</em></span> <span class='ocrx_word' id='word_1_271' title='bbox 332 3683 356 3735; x_wconf 93' lang='lat' dir='ltr'>I.</span> <span class='ocrx_word' id='word_1_272' title='bbox 364 3682 399 3736; x_wconf 85' lang='lat' dir='ltr'>L.</span> <span class='ocrx_word' id='word_1_273' title='bbox 413 3682 459 3748; x_wconf 88' lang='lat' dir='ltr'>VI,</span> <span class='ocrx_word' id='word_1_274' title='bbox 469 3701 495 3736; x_wconf 88' lang='lat' dir='ltr'>u.</span> <span class='ocrx_word' id='word_1_275' title='bbox 506 3687 600 3736; x_wconf 75' lang='grc'><strong>24729.</strong></span> <span class='ocrx_word' id='word_1_276' title='bbox 630 3683 684 3738; x_wconf 82' lang='lat' dir='ltr'>Sed</span> <span class='ocrx_word' id='word_1_277' title='bbox 694 3701 738 3738; x_wconf 84' lang='lat' dir='ltr'>res</span> <span class='ocrx_word' id='word_1_278' title='bbox 748 3702 864 3752; x_wconf 79' lang='lat' dir='ltr'>prorsus</span> <span class='ocrx_word' id='word_1_279' title='bbox 877 3686 987 3737; x_wconf 72' lang='lat' dir='ltr'>incestu.</span> <span class='ocrx_word' id='word_1_280' title='bbox 1007 3682 1057 3736; x_wconf 87' lang='lat' dir='ltr'>Tn.</span> <span class='ocrx_word' id='word_1_281' title='bbox 1073 3682 1118 3753; x_wconf 70' lang='lat' dir='ltr'>lt]</span> <span class='ocrx_word' id='word_1_282' title='bbox 1151 3684 1161 3731; x_wconf 91' lang='lat' dir='ltr'>t</span> <span class='ocrx_word' id='word_1_283' title='bbox 1167 3684 1250 3736; x_wconf 68' lang='lat' dir='ltr'>&#39;rantra</span> <span class='ocrx_word' id='word_1_284' title='bbox 1266 3682 1343 3736; x_wconf 82' lang='lat' dir='ltr'>Osto-</span> 
     </span>
    </p>
   </div>
   <div class='ocr_carea' id='block_1_10' title="bbox 72 3853 1346 4450">
    <p class='ocr_par' dir='ltr' id='par_1_11' title="bbox 72 3853 1346 4450">
     <span class='ocr_line' id='line_1_32' title="bbox 248 3853 1343 3926; baseline -0.001 -14"><span class='ocrx_word' id='word_1_285' title='bbox 248 3858 274 3922; x_wconf 91' lang='grc'>1)</span> <span class='ocrx_word' id='word_1_286' title='bbox 295 3857 383 3912; x_wconf 71' lang='lat' dir='ltr'>Mau.</span> <span class='ocrx_word' id='word_1_287' title='bbox 401 3858 490 3912; x_wconf 83' lang='lat' dir='ltr'>addit:</span> <span class='ocrx_word' id='word_1_288' title='bbox 517 3857 588 3911; x_wconf 86' lang='lat' dir='ltr'>Item</span> <span class='ocrx_word' id='word_1_289' title='bbox 607 3857 786 3926; x_wconf 86' lang='lat' dir='ltr'>plebiscitum</span> <span class='ocrx_word' id='word_1_290' title='bbox 806 3859 913 3912; x_wconf 85' lang='lat' dir='ltr'>tactum</span> <span class='ocrx_word' id='word_1_291' title='bbox 933 3857 968 3911; x_wconf 88' lang='lat' dir='ltr'>ob</span> <span class='ocrx_word' id='word_1_292' title='bbox 987 3856 1104 3911; x_wconf 86' lang='lat' dir='ltr'>eandem</span> <span class='ocrx_word' id='word_1_293' title='bbox 1124 3872 1185 3910; x_wconf 88' lang='lat' dir='ltr'>rem</span> <span class='ocrx_word' id='word_1_294' title='bbox 1202 3853 1263 3910; x_wconf 80' lang='lat' dir='ltr'>Sex.</span> <span class='ocrx_word' id='word_1_295' title='bbox 1288 3855 1343 3911; x_wconf 85' lang='lat' dir='ltr'>Pa·</span> 
     </span>
     <span class='ocr_line' id='line_1_33' title="bbox 160 3943 1345 4014; baseline -0.002 -15"><span class='ocrx_word' id='word_1_296' title='bbox 160 3944 241 4000; x_wconf 88' lang='lat' dir='ltr'>cuvio</span> <span class='ocrx_word' id='word_1_297' title='bbox 260 3947 295 3998; x_wconf 91' lang='lat' dir='ltr'>tr.</span> <span class='ocrx_word' id='word_1_298' title='bbox 314 3943 353 4012; x_wconf 90' lang='lat' dir='ltr'>pl.</span> <span class='ocrx_word' id='word_1_299' title='bbox 373 3947 501 4011; x_wconf 81' lang='lat' dir='ltr'>rogante.</span> <span class='ocrx_word' id='word_1_300' title='bbox 530 3976 560 3984; x_wconf 94' lang='lat'><em>-</em></span> <span class='ocrx_word' id='word_1_301' title='bbox 590 3945 619 4012; x_wconf 84' lang='lat'>2)</span> <span class='ocrx_word' id='word_1_302' title='bbox 639 3945 676 3997; x_wconf 90' lang='lat' dir='ltr'>D.</span> <span class='ocrx_word' id='word_1_303' title='bbox 698 3951 818 4010; x_wconf 78' lang='lat' dir='ltr'>ld,l„·.’,l.</span> <span class='ocrx_word' id='word_1_304' title='bbox 848 3975 880 3984; x_wconf 90' lang='lat'>—</span> <span class='ocrx_word' id='word_1_305' title='bbox 907 3945 935 4014; x_wconf 85' lang='grc'>3)</span> <span class='ocrx_word' id='word_1_306' title='bbox 960 3944 1095 3997; x_wconf 68' lang='lat' dir='ltr'>lidericus</span> <span class='ocrx_word' id='word_1_307' title='bbox 1113 3944 1277 4009; x_wconf 81' lang='lat' dir='ltr'>Asiaticum,</span> <span class='ocrx_word' id='word_1_308' title='bbox 1296 3946 1345 4012; x_wconf 75' lang='lat' dir='ltr'>qui</span> 
     </span>
     <span class='ocr_line' id='line_1_34' title="bbox 157 4019 1345 4099; baseline -0.003 -13"><span class='ocrx_word' id='word_1_309' title='bbox 157 4049 218 4086; x_wconf 82' lang='lat' dir='ltr'>cunr</span> <span class='ocrx_word' id='word_1_310' title='bbox 237 4030 276 4086; x_wconf 86' lang='grc' dir='ltr'>Μ.</span> <span class='ocrx_word' id='word_1_311' title='bbox 297 4030 393 4084; x_wconf 84' lang='lat' dir='ltr'>Siluuo</span> <span class='ocrx_word' id='word_1_312' title='bbox 411 4049 437 4083; x_wconf 76' lang='lat' dir='ltr'>u</span> <span class='ocrx_word' id='word_1_313' title='bbox 455 4035 490 4084; x_wconf 72' lang='lat' dir='ltr'>Iu</span> <span class='ocrx_word' id='word_1_314' title='bbox 508 4019 602 4085; x_wconf 73' lang='lat' dir='ltr'>consul</span> <span class='ocrx_word' id='word_1_315' title='bbox 615 4031 684 4099; x_wconf 79' lang='lat' dir='ltr'>sud,</span> <span class='ocrx_word' id='word_1_316' title='bbox 704 4049 813 4085; x_wconf 76' lang='lat' dir='ltr'>arouse</span> <span class='ocrx_word' id='word_1_317' title='bbox 831 4031 972 4085; x_wconf 79' lang='lat' dir='ltr'>abdicasse</span> <span class='ocrx_word' id='word_1_318' title='bbox 991 4031 1047 4085; x_wconf 87' lang='lat' dir='ltr'>Dio</span> <span class='ocrx_word' id='word_1_319' title='bbox 1060 4034 1140 4096; x_wconf 69' lang='lat'><strong><em>60,27</em></strong></span> <span class='ocrx_word' id='word_1_320' title='bbox 1158 4038 1263 4084; x_wconf 77' lang='lat' dir='ltr'>rrrrrrut.</span> <span class='ocrx_word' id='word_1_321' title='bbox 1293 4032 1345 4086; x_wconf 81' lang='lat' dir='ltr'>Cui</span> 
     </span>
     <span class='ocr_line' id='line_1_35' title="bbox 157 4117 1345 4186; baseline 0 -14"><span class='ocrx_word' id='word_1_322' title='bbox 157 4118 299 4186; x_wconf 70' lang='lat' dir='ltr'>suffectum</span> <span class='ocrx_word' id='word_1_323' title='bbox 327 4133 384 4171; x_wconf 88' lang='lat' dir='ltr'>esse</span> <span class='ocrx_word' id='word_1_324' title='bbox 411 4117 441 4186; x_wconf 79' lang='lat' dir='ltr'>Q.</span> <span class='ocrx_word' id='word_1_325' title='bbox 461 4117 613 4186; x_wconf 78' lang='lat' dir='ltr'>Sulpicium</span> <span class='ocrx_word' id='word_1_326' title='bbox 635 4117 806 4172; x_wconf 77' lang='lat' dir='ltr'>t&#39;uraeu&#39;ruuu</span> <span class='ocrx_word' id='word_1_327' title='bbox 835 4124 946 4186; x_wconf 55' lang='lat' dir='ltr'>(eiuraret</span> <span class='ocrx_word' id='word_1_328' title='bbox 969 4135 1003 4171; x_wconf 82' lang='lat' dir='ltr'>eu</span> <span class='ocrx_word' id='word_1_329' title='bbox 1026 4117 1111 4170; x_wconf 85' lang='lat' dir='ltr'>edicto</span> <span class='ocrx_word' id='word_1_330' title='bbox 1138 4117 1248 4170; x_wconf 81' lang='lat' dir='ltr'>Claudii</span> <span class='ocrx_word' id='word_1_331' title='bbox 1266 4118 1345 4185; x_wconf 79' lang='lat' dir='ltr'>iufra</span> 
     </span>
     <span class='ocr_line' id='line_1_36' title="bbox 72 4204 1344 4281; baseline -0.002 -20"><span class='ocrx_word' id='word_1_332' title='bbox 72 4275 75 4281; x_wconf 31' lang='grc' dir='ltr'>Ι</span> <span class='ocrx_word' id='word_1_333' title='bbox 157 4223 216 4274; x_wconf 82' lang='lat' dir='ltr'>cap.</span> <span class='ocrx_word' id='word_1_334' title='bbox 241 4204 301 4258; x_wconf 88' lang='lat' dir='ltr'>VII</span> <span class='ocrx_word' id='word_1_335' title='bbox 319 4206 412 4259; x_wconf 86' lang='lat' dir='ltr'>relato.</span> <span class='ocrx_word' id='word_1_336' title='bbox 449 4205 544 4259; x_wconf 84' lang='lat' dir='ltr'>Huius</span> <span class='ocrx_word' id='word_1_337' title='bbox 567 4206 597 4258; x_wconf 81' lang='lat' dir='ltr'>iu</span> <span class='ocrx_word' id='word_1_338' title='bbox 616 4207 704 4260; x_wconf 82' lang='lat' dir='ltr'>locum</span> <span class='ocrx_word' id='word_1_339' title='bbox 732 4208 784 4260; x_wconf 88' lang='lat' dir='ltr'>lut.</span> <span class='ocrx_word' id='word_1_340' title='bbox 811 4207 894 4260; x_wconf 85' lang='lat' dir='ltr'>Iuliis</span> <span class='ocrx_word' id='word_1_341' title='bbox 913 4206 1075 4259; x_wconf 67' lang='lat' dir='ltr'>antecessisse</span> <span class='ocrx_word' id='word_1_342' title='bbox 1092 4204 1198 4258; x_wconf 84' lang='lat' dir='ltr'>uidetur</span> <span class='ocrx_word' id='word_1_343' title='bbox 1222 4205 1344 4258; x_wconf 79' lang='lat' dir='ltr'>l&#39;ellucus</span> 
     </span>
     <span class='ocr_line' id='line_1_37' title="bbox 158 4293 1346 4361; baseline -0.001 -14"><span class='ocrx_word' id='word_1_344' title='bbox 158 4294 210 4361; x_wconf 88' lang='lat' dir='ltr'>(itu</span> <span class='ocrx_word' id='word_1_345' title='bbox 228 4293 299 4346; x_wconf 79' lang='lat' dir='ltr'>euim</span> <span class='ocrx_word' id='word_1_346' title='bbox 317 4293 366 4346; x_wconf 73' lang='lat' dir='ltr'>lios</span> <span class='ocrx_word' id='word_1_347' title='bbox 384 4310 478 4347; x_wconf 78' lang='lat' dir='ltr'>uouteu</span> <span class='ocrx_word' id='word_1_348' title='bbox 498 4293 667 4347; x_wconf 80' lang='lat' dir='ltr'>scribendum</span> <span class='ocrx_word' id='word_1_349' title='bbox 686 4298 733 4357; x_wconf 84' lang='lat' dir='ltr'>est)</span> <span class='ocrx_word' id='word_1_350' title='bbox 751 4295 786 4361; x_wconf 85' lang='lat' dir='ltr'>is,</span> <span class='ocrx_word' id='word_1_351' title='bbox 806 4313 823 4346; x_wconf 88' lang='lat' dir='ltr'>u</span> <span class='ocrx_word' id='word_1_352' title='bbox 842 4310 895 4361; x_wconf 76' lang='lat' dir='ltr'>quo</span> <span class='ocrx_word' id='word_1_353' title='bbox 913 4293 1060 4345; x_wconf 71' lang='lat' dir='ltr'>clericatum</span> <span class='ocrx_word' id='word_1_354' title='bbox 1080 4298 1118 4345; x_wconf 84' lang='lat' dir='ltr'>cst</span> <span class='ocrx_word' id='word_1_355' title='bbox 1130 4293 1287 4346; x_wconf 78' lang='lat' dir='ltr'>uocabulum</span> <span class='ocrx_word' id='word_1_356' title='bbox 1308 4310 1346 4348; x_wconf 83' lang='lat' dir='ltr'>se-</span> 
     </span>
     <span class='ocr_line' id='line_1_38' title="bbox 158 4382 746 4450; baseline 0 -16"><span class='ocrx_word' id='word_1_357' title='bbox 158 4382 358 4435; x_wconf 80' lang='lat' dir='ltr'>natusconsulti</span> <span class='ocrx_word' id='word_1_358' title='bbox 377 4382 412 4435; x_wconf 85' lang='lat' dir='ltr'>ab</span> <span class='ocrx_word' id='word_1_359' title='bbox 431 4382 588 4436; x_wconf 63' lang='lat' dir='ltr'>nemoribus</span> <span class='ocrx_word' id='word_1_360' title='bbox 608 4388 746 4450; x_wconf 77' lang='lat' dir='ltr'>recentius.</span> 
     </span>
    </p>
   </div>
   <div class='ocr_carea' id='block_1_11' title="bbox 0 0 1508 5040">
    <p class='ocr_par' dir='ltr' id='par_1_12' title="bbox 0 0 1508 5040">
     <span class='ocr_line' id='line_1_39' title="bbox 0 0 1508 5040; baseline 0 0"><span class='ocrx_word' id='word_1_361' title='bbox 0 0 1508 5040; x_wconf 95' lang='lat' dir='ltr'> </span> 
     </span>
    </p>
   </div>
  </div>
 </body>
</html>
