<?xml version="1.0" encoding="UTF-8"?>
<!DOCTYPE html PUBLIC "-//W3C//DTD XHTML 1.0 Transitional//EN"
    "http://www.w3.org/TR/xhtml1/DTD/xhtml1-transitional.dtd">
<html xmlns="http://www.w3.org/1999/xhtml" xml:lang="en" lang="en">
 <head>
  <title>
</title>
<meta http-equiv="Content-Type" content="text/html;charset=utf-8" />
  <meta name='ocr-system' content='tesseract 3.04.00' />
  <meta name='ocr-capabilities' content='ocr_page ocr_carea ocr_par ocr_line ocrx_word'/>
</head>
<body>
  <div class='ocr_page' id='page_1' title='image "./fontesiurisroma03brungoog_0514.png"; bbox 0 0 2992 5040; ppageno 0'>
   <div class='ocr_carea' id='block_1_1' title="bbox 625 325 1282 396">
    <p class='ocr_par' dir='ltr' id='par_1_1' title="bbox 625 325 1282 396">
     <span class='ocr_line' id='line_1_1' title="bbox 625 325 1282 396; baseline -0.002 -17"><span class='ocrx_word' id='word_1_1' title='bbox 625 325 767 382; x_wconf 81' lang='lat' dir='ltr'><strong><em>Asconius.</em></strong></span> <span class='ocrx_word' id='word_1_2' title='bbox 1241 331 1282 396; x_wconf 83' lang='grc'><strong><em>69</em></strong></span> 
     </span>
    </p>
   </div>
   <div class='ocr_carea' id='block_1_2' title="bbox 94 501 1283 778">
    <p class='ocr_par' dir='ltr' id='par_1_2' title="bbox 94 501 1283 778">
     <span class='ocr_line' id='line_1_2' title="bbox 94 501 1281 589; baseline 0.004 -23"><span class='ocrx_word' id='word_1_3' title='bbox 94 507 236 586; x_wconf 77' lang='lat' dir='ltr'>ceperat,</span> <span class='ocrx_word' id='word_1_4' title='bbox 261 501 394 588; x_wconf 80' lang='lat' dir='ltr'><strong><em>(Numa)</em></strong></span> <span class='ocrx_word' id='word_1_5' title='bbox 419 502 529 566; x_wconf 81' lang='lat' dir='ltr'><strong><em>divisit</em></strong></span> <span class='ocrx_word' id='word_1_6' title='bbox 551 501 672 566; x_wconf 88' lang='lat' dir='ltr'><strong><em>viritim</em></strong></span> <span class='ocrx_word' id='word_1_7' title='bbox 697 502 838 568; x_wconf 86' lang='lat' dir='ltr'><strong><em>civibus&#39;.</em></strong></span> <span class='ocrx_word' id='word_1_8' title='bbox 864 541 903 550; x_wconf 99' lang='lat'>—</span> <span class='ocrx_word' id='word_1_9' title='bbox 929 502 1033 568; x_wconf 87' lang='lat' dir='ltr'><strong><em>Varro</em></strong></span> <span class='ocrx_word' id='word_1_10' title='bbox 1057 505 1095 569; x_wconf 87' lang='lat' dir='ltr'><strong><em>de</em></strong></span> <span class='ocrx_word' id='word_1_11' title='bbox 1110 505 1177 569; x_wconf 84' lang='lat' dir='ltr'><strong><em>vita</em></strong></span> <span class='ocrx_word' id='word_1_12' title='bbox 1201 528 1229 589; x_wconf 89' lang='lat' dir='ltr'><strong><em>p.</em></strong></span> <span class='ocrx_word' id='word_1_13' title='bbox 1243 505 1281 571; x_wconf 85' lang='lat' dir='ltr'><strong><em>R.</em></strong></span> 
     </span>
     <span class='ocr_line' id='line_1_3' title="bbox 100 606 1283 694; baseline 0.004 -24"><span class='ocrx_word' id='word_1_14' title='bbox 100 607 120 672; x_wconf 92' lang='lat' dir='ltr'><strong><em>l.</em></strong></span> <span class='ocrx_word' id='word_1_15' title='bbox 145 606 179 671; x_wconf 89' lang='lat' dir='ltr'><strong><em>l:</em></strong></span> <span class='ocrx_word' id='word_1_16' title='bbox 210 612 253 672; x_wconf 87' lang='lat' dir='ltr'><strong><em>‘et</em></strong></span> <span class='ocrx_word' id='word_1_17' title='bbox 284 613 375 671; x_wconf 82' lang='lat' dir='ltr'><strong><em>extra</em></strong></span> <span class='ocrx_word' id='word_1_18' title='bbox 397 607 509 672; x_wconf 88' lang='lat' dir='ltr'><strong><em>urbem</em></strong></span> <span class='ocrx_word' id='word_1_19' title='bbox 541 608 575 671; x_wconf 92' lang='lat' dir='ltr'><strong><em>in</em></strong></span> <span class='ocrx_word' id='word_1_20' title='bbox 598 608 746 692; x_wconf 81' lang='lat' dir='ltr'>regiones</span> <span class='ocrx_word' id='word_1_21' title='bbox 769 607 879 673; x_wconf 87' lang='lat' dir='ltr'>XXVI</span> <span class='ocrx_word' id='word_1_22' title='bbox 908 631 1003 694; x_wconf 83' lang='lat' dir='ltr'><strong><em>agros</em></strong></span> <span class='ocrx_word' id='word_1_23' title='bbox 1027 609 1151 675; x_wconf 81' lang='lat' dir='ltr'><strong><em>viritim</em></strong></span> <span class='ocrx_word' id='word_1_24' title='bbox 1176 609 1283 675; x_wconf 89' lang='lat' dir='ltr'><strong><em>liberis</em></strong></span> 
     </span>
     <span class='ocr_line' id='line_1_4' title="bbox 95 713 370 778; baseline -0.004 -2"><span class='ocrx_word' id='word_1_25' title='bbox 95 713 270 777; x_wconf 85' lang='lat' dir='ltr'><strong><em>attribuit’.</em></strong></span> <span class='ocrx_word' id='word_1_26' title='bbox 316 717 370 778; x_wconf 86' lang='lat'><strong><em>30.</em></strong></span> 
     </span>
    </p>
   </div>
   <div class='ocr_carea' id='block_1_3' title="bbox 234 939 1133 1009">
    <p class='ocr_par' dir='ltr' id='par_1_3' title="bbox 234 939 1133 1009">
     <span class='ocr_line' id='line_1_5' title="bbox 234 939 1133 1009; baseline -0.001 -2"><span class='ocrx_word' id='word_1_27' title='bbox 234 943 274 1009; x_wconf 90' lang='lat' dir='ltr'><strong><em>V.</em></strong></span> <span class='ocrx_word' id='word_1_28' title='bbox 309 939 522 1007; x_wconf 83' lang='lat' dir='ltr'>ASCONIUS</span> <span class='ocrx_word' id='word_1_29' title='bbox 545 939 592 1006; x_wconf 91' lang='lat' dir='ltr'><strong><em>IN</em></strong></span> <span class='ocrx_word' id='word_1_30' title='bbox 618 939 848 1007; x_wconf 72' lang='lat' dir='ltr'>CICERONIS</span> <span class='ocrx_word' id='word_1_31' title='bbox 870 939 1133 1006; x_wconf 77' lang='lat' dir='ltr'><strong><em>ORATIONBS.</em></strong></span> 
     </span>
    </p>
   </div>
   <div class='ocr_carea' id='block_1_4' title="bbox 100 1099 1285 1256">
    <p class='ocr_par' dir='ltr' id='par_1_4' title="bbox 100 1099 1285 1256">
     <span class='ocr_line' id='line_1_6' title="bbox 186 1099 1285 1170; baseline -0.001 -16"><span class='ocrx_word' id='word_1_32' title='bbox 186 1099 216 1170; x_wconf 79' lang='lat' dir='ltr'><strong><em>Q.</em></strong></span> <span class='ocrx_word' id='word_1_33' title='bbox 228 1100 367 1154; x_wconf 81' lang='lat' dir='ltr'><strong><em>Asconius</em></strong></span> <span class='ocrx_word' id='word_1_34' title='bbox 380 1099 521 1153; x_wconf 76' lang='lat' dir='ltr'><strong><em>Pedianus</em></strong></span> <span class='ocrx_word' id='word_1_35' title='bbox 537 1099 732 1167; x_wconf 61' lang='lat' dir='ltr'><strong><em>grammaticus</em></strong></span> <span class='ocrx_word' id='word_1_36' title='bbox 750 1099 858 1152; x_wconf 87' lang='lat' dir='ltr'><strong><em>ineunte</em></strong></span> <span class='ocrx_word' id='word_1_37' title='bbox 870 1114 939 1152; x_wconf 88' lang='lat' dir='ltr'><strong><em>saec.</em></strong></span> <span class='ocrx_word' id='word_1_38' title='bbox 950 1099 972 1151; x_wconf 89' lang='grc' dir='ltr'><em>Ι</em></span> <span class='ocrx_word' id='word_1_39' title='bbox 985 1105 1068 1153; x_wconf 82' lang='lat' dir='ltr'><strong><em>notus</em></strong></span> <span class='ocrx_word' id='word_1_40' title='bbox 1081 1099 1285 1153; x_wconf 64' lang='lat' dir='ltr'><strong><em>commentarios</em></strong></span> 
     </span>
     <span class='ocr_line' id='line_1_7' title="bbox 100 1184 1285 1256; baseline 0 -16"><span class='ocrx_word' id='word_1_41' title='bbox 100 1189 230 1241; x_wconf 69' lang='lat' dir='ltr'><strong><em>doctmna</em></strong></span> <span class='ocrx_word' id='word_1_42' title='bbox 248 1187 368 1256; x_wconf 74' lang='lat' dir='ltr'><strong><em>insipnes</em></strong></span> <span class='ocrx_word' id='word_1_43' title='bbox 391 1187 422 1239; x_wconf 87' lang='lat' dir='ltr'><strong><em>iu</em></strong></span> <span class='ocrx_word' id='word_1_44' title='bbox 445 1184 581 1240; x_wconf 60' lang='lat' dir='ltr'><strong><em>&amp;neronis</em></strong></span> <span class='ocrx_word' id='word_1_45' title='bbox 606 1187 742 1240; x_wconf 84' lang='lat' dir='ltr'><strong><em>orationes</em></strong></span> <span class='ocrx_word' id='word_1_46' title='bbox 760 1187 872 1254; x_wconf 78' lang='lat' dir='ltr'><strong><em>scripsit</em></strong></span> <span class='ocrx_word' id='word_1_47' title='bbox 892 1193 1011 1241; x_wconf 83' lang='lat' dir='ltr'><strong><em>seruatos</em></strong></span> <span class='ocrx_word' id='word_1_48' title='bbox 1028 1188 1106 1241; x_wconf 80' lang='lat' dir='ltr'><strong><em>uobis</em></strong></span> <span class='ocrx_word' id='word_1_49' title='bbox 1123 1203 1179 1240; x_wconf 91' lang='lat' dir='ltr'><strong><em>uuo</em></strong></span> <span class='ocrx_word' id='word_1_50' title='bbox 1197 1187 1285 1240; x_wconf 83' lang='lat' dir='ltr'><strong><em>codice</em></strong></span> 
     </span>
    </p>
   </div>
   <div class='ocr_carea' id='block_1_5' title="bbox 104 1273 1407 1343">
    <p class='ocr_par' dir='ltr' id='par_1_5' title="bbox 104 1273 1407 1343">
     <span class='ocr_line' id='line_1_8' title="bbox 104 1273 1407 1343; baseline 0.002 -15"><span class='ocrx_word' id='word_1_51' title='bbox 104 1273 290 1343; x_wconf 76' lang='lat' dir='ltr'><strong><em>Sonpollensi‚</em></strong></span> <span class='ocrx_word' id='word_1_52' title='bbox 318 1274 366 1343; x_wconf 77' lang='lat' dir='ltr'><strong><em>qui</em></strong></span> <span class='ocrx_word' id='word_1_53' title='bbox 383 1289 452 1327; x_wconf 82' lang='lat' dir='ltr'><strong><em>socc.</em></strong></span> <span class='ocrx_word' id='word_1_54' title='bbox 472 1273 535 1326; x_wconf 89' lang='lat' dir='ltr'><strong><em>XV</em></strong></span> <span class='ocrx_word' id='word_1_55' title='bbox 550 1273 702 1341; x_wconf 85' lang='lat' dir='ltr'><strong><em>descriptus</em></strong></span> <span class='ocrx_word' id='word_1_56' title='bbox 716 1278 814 1341; x_wconf 89' lang='lat' dir='ltr'><strong><em>posteo</em></strong></span> <span class='ocrx_word' id='word_1_57' title='bbox 827 1274 921 1342; x_wconf 77' lang='lat' dir='ltr'><strong><em>periit.</em></strong></span> <span class='ocrx_word' id='word_1_58' title='bbox 958 1273 1034 1328; x_wconf 85' lang='lat' dir='ltr'><strong><em>Huic</em></strong></span> <span class='ocrx_word' id='word_1_59' title='bbox 1052 1275 1148 1328; x_wconf 75' lang='lat' dir='ltr'><strong><em>incerti</em></strong></span> <span class='ocrx_word' id='word_1_60' title='bbox 1165 1274 1286 1328; x_wconf 78' lang='lat' dir='ltr'><strong><em>auctoris</em></strong></span> <span class='ocrx_word' id='word_1_61' title='bbox 1404 1329 1407 1332; x_wconf 75' lang='grc'><strong><em>,</em></strong></span> 
     </span>
    </p>
   </div>
   <div class='ocr_carea' id='block_1_6' title="bbox 98 1360 1285 1778">
    <p class='ocr_par' dir='ltr' id='par_1_6' title="bbox 98 1360 1285 1778">
     <span class='ocr_line' id='line_1_9' title="bbox 98 1360 1284 1430; baseline 0.001 -17"><span class='ocrx_word' id='word_1_62' title='bbox 98 1362 135 1413; x_wconf 82' lang='lat' dir='ltr'><strong><em>iu</em></strong></span> <span class='ocrx_word' id='word_1_63' title='bbox 150 1360 281 1415; x_wconf 85' lang='lat' dir='ltr'><strong><em>Verrinas</em></strong></span> <span class='ocrx_word' id='word_1_64' title='bbox 299 1361 483 1415; x_wconf 78' lang='lat' dir='ltr'><strong><em>eornuentarii</em></strong></span> <span class='ocrx_word' id='word_1_65' title='bbox 500 1367 585 1415; x_wconf 88' lang='lat' dir='ltr'><strong><em>aetate</em></strong></span> <span class='ocrx_word' id='word_1_66' title='bbox 603 1367 626 1414; x_wconf 87' lang='lat' dir='ltr'><strong><em>et</em></strong></span> <span class='ocrx_word' id='word_1_67' title='bbox 639 1362 764 1415; x_wconf 86' lang='lat' dir='ltr'><strong><em>doctrino</em></strong></span> <span class='ocrx_word' id='word_1_68' title='bbox 782 1362 858 1430; x_wconf 77' lang='lat' dir='ltr'><strong><em>lorrpe</em></strong></span> <span class='ocrx_word' id='word_1_69' title='bbox 870 1362 1017 1428; x_wconf 76' lang='lat' dir='ltr'><strong><em>inferiores</em></strong></span> <span class='ocrx_word' id='word_1_70' title='bbox 1030 1363 1153 1416; x_wconf 87' lang='lat' dir='ltr'><strong><em>adiuncti</em></strong></span> <span class='ocrx_word' id='word_1_71' title='bbox 1163 1362 1284 1428; x_wconf 79' lang='lat' dir='ltr'><strong><em>suerunt,</em></strong></span> 
     </span>
     <span class='ocr_line' id='line_1_10' title="bbox 102 1449 1284 1516; baseline 0.001 -15"><span class='ocrx_word' id='word_1_72' title='bbox 102 1449 153 1516; x_wconf 76' lang='lat' dir='ltr'><strong><em>qui</em></strong></span> <span class='ocrx_word' id='word_1_73' title='bbox 173 1449 289 1503; x_wconf 85' lang='lat' dir='ltr'><strong><em>Asconii</em></strong></span> <span class='ocrx_word' id='word_1_74' title='bbox 306 1449 413 1503; x_wconf 87' lang='lat' dir='ltr'><strong><em>nornine</em></strong></span> <span class='ocrx_word' id='word_1_75' title='bbox 432 1449 482 1502; x_wconf 91' lang='lat' dir='ltr'><strong><em>diu</em></strong></span> <span class='ocrx_word' id='word_1_76' title='bbox 500 1450 591 1503; x_wconf 80' lang='lat' dir='ltr'><strong><em>uncti</em></strong></span> <span class='ocrx_word' id='word_1_77' title='bbox 609 1450 687 1503; x_wconf 78' lang='lat' dir='ltr'><strong><em>hodie</em></strong></span> <span class='ocrx_word' id='word_1_78' title='bbox 706 1451 756 1503; x_wconf 83' lang='lat' dir='ltr'><strong><em>sul&gt;</em></strong></span> <span class='ocrx_word' id='word_1_79' title='bbox 770 1449 1008 1504; x_wconf 78' lang='lat' dir='ltr'><strong><em>Pseudo-Asconii</em></strong></span> <span class='ocrx_word' id='word_1_80' title='bbox 1025 1450 1132 1503; x_wconf 86' lang='lat' dir='ltr'><strong><em>nornine</em></strong></span> <span class='ocrx_word' id='word_1_81' title='bbox 1150 1449 1231 1503; x_wconf 83' lang='lat' dir='ltr'><strong><em>citari</em></strong></span> <span class='ocrx_word' id='word_1_82' title='bbox 1243 1465 1284 1502; x_wconf 82' lang='lat' dir='ltr'><strong><em>so</em></strong></span> 
     </span>
     <span class='ocr_line' id='line_1_11' title="bbox 102 1535 1284 1604; baseline 0 -15"><span class='ocrx_word' id='word_1_83' title='bbox 102 1537 166 1589; x_wconf 82' lang='lat' dir='ltr'><strong><em>lent.</em></strong></span> <span class='ocrx_word' id='word_1_84' title='bbox 203 1537 320 1590; x_wconf 81' lang='lat' dir='ltr'><strong><em>Asconii</em></strong></span> <span class='ocrx_word' id='word_1_85' title='bbox 338 1536 541 1590; x_wconf 83' lang='lat' dir='ltr'><strong><em>commentarios</em></strong></span> <span class='ocrx_word' id='word_1_86' title='bbox 558 1536 702 1590; x_wconf 87' lang='lat' dir='ltr'><strong><em>nouissime</em></strong></span> <span class='ocrx_word' id='word_1_87' title='bbox 720 1536 862 1589; x_wconf 79' lang='lat' dir='ltr'><strong><em>edidenrnt</em></strong></span> <span class='ocrx_word' id='word_1_88' title='bbox 881 1536 1023 1604; x_wconf 71' lang='lat' dir='ltr'><strong><em>Kiessiinp</em></strong></span> <span class='ocrx_word' id='word_1_89' title='bbox 1040 1541 1065 1589; x_wconf 85' lang='lat' dir='ltr'><strong><em>et</em></strong></span> <span class='ocrx_word' id='word_1_90' title='bbox 1083 1535 1185 1590; x_wconf 78' lang='lat' dir='ltr'><strong><em>Schoeil</em></strong></span> <span class='ocrx_word' id='word_1_91' title='bbox 1208 1539 1284 1589; x_wconf 83' lang='lat'><strong><em>1875.</em></strong></span> 
     </span>
     <span class='ocr_line' id='line_1_12' title="bbox 103 1620 1285 1680; baseline 0.003 -4"><span class='ocrx_word' id='word_1_92' title='bbox 103 1623 224 1678; x_wconf 80' lang='lat' dir='ltr'><strong><em>Eosdem</em></strong></span> <span class='ocrx_word' id='word_1_93' title='bbox 241 1630 265 1678; x_wconf 89' lang='lat' dir='ltr'><strong><em>et</em></strong></span> <span class='ocrx_word' id='word_1_94' title='bbox 284 1624 578 1678; x_wconf 74' lang='lat' dir='ltr'><strong><em>Pseudo-Asconiouos</em></strong></span> <span class='ocrx_word' id='word_1_95' title='bbox 597 1625 753 1677; x_wconf 87' lang='lat' dir='ltr'><strong><em>coniunctos</em></strong></span> <span class='ocrx_word' id='word_1_96' title='bbox 771 1623 856 1677; x_wconf 78' lang='lat' dir='ltr'><strong><em>edidit</em></strong></span> <span class='ocrx_word' id='word_1_97' title='bbox 870 1623 967 1677; x_wconf 81' lang='lat' dir='ltr'><strong><em>Baiter</em></strong></span> <span class='ocrx_word' id='word_1_98' title='bbox 984 1623 1014 1676; x_wconf 87' lang='lat' dir='ltr'><strong><em>in</em></strong></span> <span class='ocrx_word' id='word_1_99' title='bbox 1027 1620 1081 1676; x_wconf 81' lang='lat' dir='ltr'><strong><em>Cic.</em></strong></span> <span class='ocrx_word' id='word_1_100' title='bbox 1100 1623 1140 1677; x_wconf 86' lang='lat' dir='ltr'><strong><em>cd.</em></strong></span> <span class='ocrx_word' id='word_1_101' title='bbox 1156 1622 1234 1677; x_wconf 84' lang='lat' dir='ltr'><strong><em>Orell.</em></strong></span> <span class='ocrx_word' id='word_1_102' title='bbox 1256 1623 1285 1680; x_wconf 82' lang='lat' dir='ltr'><strong><em>T.</em></strong></span> 
     </span>
     <span class='ocr_line' id='line_1_13' title="bbox 110 1709 1285 1778; baseline 0 -15"><span class='ocrx_word' id='word_1_103' title='bbox 110 1709 140 1763; x_wconf 87' lang='lat' dir='ltr'><strong><em>V.</em></strong></span> <span class='ocrx_word' id='word_1_104' title='bbox 156 1726 185 1778; x_wconf 86' lang='lat' dir='ltr'><strong><em>p.</em></strong></span> <span class='ocrx_word' id='word_1_105' title='bbox 199 1711 244 1778; x_wconf 88' lang='lat' dir='ltr'><strong><em>H,</em></strong></span> <span class='ocrx_word' id='word_1_106' title='bbox 265 1713 341 1764; x_wconf 85' lang='grc'><em>1835.</em></span> <span class='ocrx_word' id='word_1_107' title='bbox 384 1709 529 1778; x_wconf 70' lang='lat' dir='ltr'><strong><em>Utriusque</em></strong></span> <span class='ocrx_word' id='word_1_108' title='bbox 546 1709 674 1762; x_wconf 79' lang='lat' dir='ltr'><strong><em>editionis</em></strong></span> <span class='ocrx_word' id='word_1_109' title='bbox 688 1709 810 1778; x_wconf 78' lang='lat' dir='ltr'><strong><em>popinas</em></strong></span> <span class='ocrx_word' id='word_1_110' title='bbox 829 1710 948 1778; x_wconf 77' lang='lat' dir='ltr'><strong><em>siupuiia</em></strong></span> <span class='ocrx_word' id='word_1_111' title='bbox 967 1709 1033 1762; x_wconf 85' lang='lat' dir='ltr'><strong><em>locis</em></strong></span> <span class='ocrx_word' id='word_1_112' title='bbox 1045 1710 1177 1777; x_wconf 75' lang='lat' dir='ltr'><strong><em>excerptis</em></strong></span> <span class='ocrx_word' id='word_1_113' title='bbox 1190 1709 1285 1764; x_wconf 87' lang='lat' dir='ltr'><strong><em>adieci.</em></strong></span> 
     </span>
    </p>
   </div>
   <div class='ocr_carea' id='block_1_7' title="bbox 550 1865 839 1922">
    <p class='ocr_par' dir='ltr' id='par_1_7' title="bbox 550 1865 839 1922">
     <span class='ocr_line' id='line_1_14' title="bbox 550 1865 839 1922; baseline 0 -2"><span class='ocrx_word' id='word_1_114' title='bbox 550 1865 580 1920; x_wconf 81' lang='lat' dir='ltr'><strong><em>n.</em></strong></span> <span class='ocrx_word' id='word_1_115' title='bbox 610 1866 635 1921; x_wconf 85' lang='lat' dir='ltr'><strong><em>ln</em></strong></span> <span class='ocrx_word' id='word_1_116' title='bbox 657 1865 839 1922; x_wconf 79' lang='lat' dir='ltr'><strong><em>Pisonianam.</em></strong></span> 
     </span>
    </p>
   </div>
   <div class='ocr_carea' id='block_1_8' title="bbox 103 1987 1296 3760">
    <p class='ocr_par' dir='ltr' id='par_1_8' title="bbox 103 1987 1285 2603">
     <span class='ocr_line' id='line_1_15' title="bbox 181 1987 1284 2074; baseline -0.002 -18"><span class='ocrx_word' id='word_1_117' title='bbox 181 1995 260 2073; x_wconf 83' lang='lat' dir='ltr'><strong><em>Arp.</em></strong></span> <span class='ocrx_word' id='word_1_118' title='bbox 279 1990 335 2056; x_wconf 79' lang='lat' dir='ltr'><strong><em>Cn.</em></strong></span> <span class='ocrx_word' id='word_1_119' title='bbox 353 1990 522 2072; x_wconf 87' lang='lat' dir='ltr'><strong><em>Pompeius</em></strong></span> <span class='ocrx_word' id='word_1_120' title='bbox 537 1987 680 2068; x_wconf 64' lang='lat' dir='ltr'><strong><em>sti-abd,</em></strong></span> <span class='ocrx_word' id='word_1_121' title='bbox 699 1995 790 2073; x_wconf 87' lang='lat' dir='ltr'><strong><em>pater</em></strong></span> <span class='ocrx_word' id='word_1_122' title='bbox 805 1989 861 2055; x_wconf 79' lang='lat' dir='ltr'><strong><em>Cn.</em></strong></span> <span class='ocrx_word' id='word_1_123' title='bbox 880 1990 1011 2074; x_wconf 88' lang='lat' dir='ltr'><strong><em>Pompei</em></strong></span> <span class='ocrx_word' id='word_1_124' title='bbox 1027 1990 1148 2074; x_wconf 76' lang='lat' dir='ltr'><strong><em>Magni,</em></strong></span> <span class='ocrx_word' id='word_1_125' title='bbox 1166 1990 1284 2056; x_wconf 85' lang='lat' dir='ltr'><strong><em>Trans·</em></strong></span> 
     </span>
     <span class='ocr_line' id='line_1_16' title="bbox 104 2096 1283 2180; baseline 0.001 -21"><span class='ocrx_word' id='word_1_126' title='bbox 104 2096 245 2180; x_wconf 86' lang='lat' dir='ltr'><strong><em>padanas</em></strong></span> <span class='ocrx_word' id='word_1_127' title='bbox 268 2096 408 2161; x_wconf 88' lang='lat' dir='ltr'><strong><em>colonias</em></strong></span> <span class='ocrx_word' id='word_1_128' title='bbox 433 2131 472 2142; x_wconf 92' lang='lat'>-</span> <span class='ocrx_word' id='word_1_129' title='bbox 497 2116 560 2159; x_wconf 92' lang='lat' dir='ltr'><strong><em>non</em></strong></span> <span class='ocrx_word' id='word_1_130' title='bbox 585 2096 676 2160; x_wconf 81' lang='lat' dir='ltr'><strong><em>novis</em></strong></span> <span class='ocrx_word' id='word_1_131' title='bbox 699 2096 879 2161; x_wconf 87' lang='lat' dir='ltr'><strong><em>colonis-</em></strong></span> <span class='ocrx_word' id='word_1_132' title='bbox 897 2098 1075 2174; x_wconf 86' lang='lat' dir='ltr'><strong><em>constituit,</em></strong></span> <span class='ocrx_word' id='word_1_133' title='bbox 1098 2097 1151 2162; x_wconf 88' lang='lat' dir='ltr'><strong><em>sed</em></strong></span> <span class='ocrx_word' id='word_1_134' title='bbox 1170 2096 1283 2162; x_wconf 88' lang='lat' dir='ltr'><strong><em>veteri·</em></strong></span> 
     </span>
     <span class='ocr_line' id='line_1_17' title="bbox 104 2200 1285 2286; baseline 0.001 -22"><span class='ocrx_word' id='word_1_135' title='bbox 104 2201 166 2265; x_wconf 84' lang='lat' dir='ltr'><strong><em>bus</em></strong></span> <span class='ocrx_word' id='word_1_136' title='bbox 189 2202 301 2266; x_wconf 89' lang='lat' dir='ltr'><strong><em>incolis</em></strong></span> <span class='ocrx_word' id='word_1_137' title='bbox 324 2200 527 2265; x_wconf 88' lang='lat' dir='ltr'><strong><em>manentibus</em></strong></span> <span class='ocrx_word' id='word_1_138' title='bbox 559 2201 608 2264; x_wconf 89' lang='lat' dir='ltr'><strong><em>ins</em></strong></span> <span class='ocrx_word' id='word_1_139' title='bbox 633 2200 719 2265; x_wconf 90' lang='lat' dir='ltr'><strong><em>dedit</em></strong></span> <span class='ocrx_word' id='word_1_140' title='bbox 741 2201 840 2279; x_wconf 81' lang='lat' dir='ltr'><strong><em>Latii,</em></strong></span> <span class='ocrx_word' id='word_1_141' title='bbox 874 2207 910 2267; x_wconf 89' lang='lat' dir='ltr'><strong><em>nt</em></strong></span> <span class='ocrx_word' id='word_1_142' title='bbox 934 2206 1064 2286; x_wconf 81' lang='lat' dir='ltr'><strong><em>possent</em></strong></span> <span class='ocrx_word' id='word_1_143' title='bbox 1085 2200 1202 2266; x_wconf 91' lang='lat' dir='ltr'><strong><em>habere</em></strong></span> <span class='ocrx_word' id='word_1_144' title='bbox 1225 2202 1285 2280; x_wconf 85' lang='lat' dir='ltr'><strong><em>ins,</em></strong></span> 
     </span>
     <span class='ocr_line' id='line_1_18' title="bbox 103 2305 1284 2392; baseline 0.002 -23"><span class='ocrx_word' id='word_1_145' title='bbox 103 2306 192 2390; x_wconf 89' lang='lat' dir='ltr'><strong><em>quod</em></strong></span> <span class='ocrx_word' id='word_1_146' title='bbox 214 2311 336 2370; x_wconf 88' lang='lat' dir='ltr'><strong><em>caterae</em></strong></span> <span class='ocrx_word' id='word_1_147' title='bbox 361 2305 493 2370; x_wconf 78' lang='lat' dir='ltr'><strong><em>Latinae</em></strong></span> <span class='ocrx_word' id='word_1_148' title='bbox 518 2305 671 2384; x_wconf 83' lang='lat' dir='ltr'><strong><em>coloniae,</em></strong></span> <span class='ocrx_word' id='word_1_149' title='bbox 695 2307 725 2371; x_wconf 91' lang='lat' dir='ltr'><strong><em>id</em></strong></span> <span class='ocrx_word' id='word_1_150' title='bbox 750 2312 799 2372; x_wconf 92' lang='lat' dir='ltr'><strong><em>est</em></strong></span> <span class='ocrx_word' id='word_1_151' title='bbox 822 2313 858 2372; x_wconf 90' lang='lat' dir='ltr'><strong><em>ut</em></strong></span> <span class='ocrx_word' id='word_1_152' title='bbox 879 2307 951 2392; x_wconf 74' lang='lat' dir='ltr'><strong><em>par&#39;</em></strong></span> <span class='ocrx_word' id='word_1_153' title='bbox 977 2308 1185 2392; x_wconf 75' lang='lat' dir='ltr'><strong><em>magistratus</em></strong></span> <span class='ocrx_word' id='word_1_154' title='bbox 1208 2308 1284 2371; x_wconf 81' lang='lat' dir='ltr'><strong><em>civi·</em></strong></span> 
     </span>
     <span class='ocr_line' id='line_1_19' title="bbox 103 2411 1284 2496; baseline 0.002 -20"><span class='ocrx_word' id='word_1_155' title='bbox 103 2416 203 2476; x_wconf 84' lang='lat' dir='ltr'><strong><em>tatem</em></strong></span> <span class='ocrx_word' id='word_1_156' title='bbox 219 2411 392 2478; x_wconf 82' lang='lat' dir='ltr'><strong><em>Romanam</em></strong></span> <span class='ocrx_word' id='word_1_157' title='bbox 410 2412 667 2496; x_wconf 84' lang='lat' dir='ltr'><strong><em>adipiscerentur.</em></strong></span> <span class='ocrx_word' id='word_1_158' title='bbox 693 2421 739 2495; x_wconf 85' lang='lat' dir='ltr'><strong><em>(p.</em></strong></span> <span class='ocrx_word' id='word_1_159' title='bbox 756 2420 778 2478; x_wconf 85' lang='lat'><strong><em>3</em></strong></span> <span class='ocrx_word' id='word_1_160' title='bbox 792 2416 838 2479; x_wconf 88' lang='lat' dir='ltr'><strong><em>cd.</em></strong></span> <span class='ocrx_word' id='word_1_161' title='bbox 853 2415 943 2479; x_wconf 88' lang='lat' dir='ltr'><strong><em>Bait.</em></strong></span> <span class='ocrx_word' id='word_1_162' title='bbox 966 2445 995 2467; x_wconf 96' lang='lat'><strong><em>=</em></strong></span> <span class='ocrx_word' id='word_1_163' title='bbox 1010 2435 1045 2493; x_wconf 86' lang='lat' dir='ltr'><strong><em>p.</em></strong></span> <span class='ocrx_word' id='word_1_164' title='bbox 1061 2418 1085 2477; x_wconf 83' lang='lat'><strong><em>2</em></strong></span> <span class='ocrx_word' id='word_1_165' title='bbox 1100 2414 1148 2477; x_wconf 81' lang='lat' dir='ltr'><strong><em>ed.</em></strong></span> <span class='ocrx_word' id='word_1_166' title='bbox 1161 2412 1284 2478; x_wconf 83' lang='lat' dir='ltr'><strong><em>Kicssl.</em></strong></span> 
     </span>
     <span class='ocr_line' id='line_1_20' title="bbox 103 2517 308 2603; baseline 0.005 -23"><span class='ocrx_word' id='word_1_167' title='bbox 103 2522 135 2580; x_wconf 85' lang='lat' dir='ltr'><strong><em>et</em></strong></span> <span class='ocrx_word' id='word_1_168' title='bbox 159 2517 308 2603; x_wconf 79' lang='lat' dir='ltr'><strong><em>Schoell.)</em></strong></span> 
     </span>
    </p>

    <p class='ocr_par' dir='ltr' id='par_1_9' title="bbox 107 2621 1286 3022">
     <span class='ocr_line' id='line_1_21' title="bbox 194 2621 1286 2708; baseline -0.001 -19"><span class='ocrx_word' id='word_1_169' title='bbox 194 2622 264 2704; x_wconf 69' lang='lat' dir='ltr'><strong><em>§B</em></strong></span> <span class='ocrx_word' id='word_1_170' title='bbox 304 2622 338 2688; x_wconf 88' lang='lat' dir='ltr'><strong><em>L.</em></strong></span> <span class='ocrx_word' id='word_1_171' title='bbox 363 2621 455 2701; x_wconf 82' lang='lat' dir='ltr'><strong><em>Iulio,</em></strong></span> <span class='ocrx_word' id='word_1_172' title='bbox 489 2623 523 2688; x_wconf 84' lang='lat' dir='ltr'><strong><em>C.</em></strong></span> <span class='ocrx_word' id='word_1_173' title='bbox 549 2624 670 2688; x_wconf 86' lang='lat' dir='ltr'><strong><em>Marcio</em></strong></span> <span class='ocrx_word' id='word_1_174' title='bbox 693 2623 783 2698; x_wconf 72' lang='lat' dir='ltr'><strong><em>eos&#39;,</em></strong></span> <span class='ocrx_word' id='word_1_175' title='bbox 808 2645 886 2708; x_wconf 89' lang='lat' dir='ltr'><strong><em>quos</em></strong></span> <span class='ocrx_word' id='word_1_176' title='bbox 911 2628 943 2688; x_wconf 88' lang='lat' dir='ltr'><strong><em>et</em></strong></span> <span class='ocrx_word' id='word_1_177' title='bbox 969 2623 1036 2706; x_wconf 90' lang='lat' dir='ltr'><strong><em>ipse</em></strong></span> <span class='ocrx_word' id='word_1_178' title='bbox 1059 2622 1167 2687; x_wconf 81' lang='lat' dir='ltr'><strong><em>Cicero</em></strong></span> <span class='ocrx_word' id='word_1_179' title='bbox 1191 2645 1286 2706; x_wconf 88' lang='lat' dir='ltr'><strong><em>supra</em></strong></span> 
     </span>
     <span class='ocr_line' id='line_1_22' title="bbox 108 2725 1285 2815; baseline 0.001 -24"><span class='ocrx_word' id='word_1_180' title='bbox 108 2728 307 2805; x_wconf 82' lang='lat' dir='ltr'><strong><em>memoravit,</em></strong></span> <span class='ocrx_word' id='word_1_181' title='bbox 335 2725 418 2791; x_wconf 80' lang='lat' dir='ltr'><strong><em>soto</em></strong></span> <span class='ocrx_word' id='word_1_182' title='bbox 440 2729 575 2815; x_wconf 79' lang='lat' dir='ltr'><strong><em>collegia</em></strong></span> <span class='ocrx_word' id='word_1_183' title='bbox 597 2728 725 2792; x_wconf 84' lang='lat' dir='ltr'><strong><em>sublata</em></strong></span> <span class='ocrx_word' id='word_1_184' title='bbox 748 2734 833 2807; x_wconf 77' lang='lat' dir='ltr'><strong><em>sunt,</em></strong></span> <span class='ocrx_word' id='word_1_185' title='bbox 858 2751 939 2813; x_wconf 87' lang='lat' dir='ltr'><strong><em>quaa</em></strong></span> <span class='ocrx_word' id='word_1_186' title='bbox 963 2728 1113 2792; x_wconf 85' lang='lat' dir='ltr'><strong><em>adversus</em></strong></span> <span class='ocrx_word' id='word_1_187' title='bbox 1136 2750 1202 2792; x_wconf 88' lang='lat' dir='ltr'><strong><em>ram</em></strong></span> <span class='ocrx_word' id='word_1_188' title='bbox 1227 2751 1285 2812; x_wconf 88' lang='lat' dir='ltr'><strong><em>pu·</em></strong></span> 
     </span>
     <span class='ocr_line' id='line_1_23' title="bbox 107 2832 1284 2916; baseline 0 -20"><span class='ocrx_word' id='word_1_189' title='bbox 107 2832 225 2897; x_wconf 84' lang='lat' dir='ltr'><strong><em>blicam</em></strong></span> <span class='ocrx_word' id='word_1_190' title='bbox 250 2832 439 2896; x_wconf 85' lang='lat' dir='ltr'><strong><em>ridebantur</em></strong></span> <span class='ocrx_word' id='word_1_191' title='bbox 461 2854 537 2898; x_wconf 90' lang='lat' dir='ltr'><strong><em>esse.</em></strong></span> <span class='ocrx_word' id='word_1_192' title='bbox 563 2873 601 2881; x_wconf 96' lang='lat'><strong>—</strong></span> <span class='ocrx_word' id='word_1_193' title='bbox 629 2832 704 2897; x_wconf 91' lang='lat' dir='ltr'><strong><em>Post</em></strong></span> <span class='ocrx_word' id='word_1_194' title='bbox 727 2832 798 2897; x_wconf 82' lang='lat' dir='ltr'><strong><em>sex⁴</em></strong></span> <span class='ocrx_word' id='word_1_195' title='bbox 822 2833 933 2897; x_wconf 86' lang='lat' dir='ltr'><strong><em>deinde</em></strong></span> <span class='ocrx_word' id='word_1_196' title='bbox 957 2853 1067 2910; x_wconf 78' lang='lat' dir='ltr'><strong><em>annos,</em></strong></span> <span class='ocrx_word' id='word_1_197' title='bbox 1091 2855 1186 2916; x_wconf 87' lang='lat' dir='ltr'><strong><em>quam</em></strong></span> <span class='ocrx_word' id='word_1_198' title='bbox 1209 2833 1284 2896; x_wconf 90' lang='lat' dir='ltr'><strong><em>sub-</em></strong></span> 
     </span>
     <span class='ocr_line' id='line_1_24' title="bbox 110 2936 1285 3022; baseline 0.001 -22"><span class='ocrx_word' id='word_1_199' title='bbox 110 2936 176 3000; x_wconf 84' lang='lat' dir='ltr'><strong><em>lata</em></strong></span> <span class='ocrx_word' id='word_1_200' title='bbox 192 2943 293 3016; x_wconf 80' lang='lat' dir='ltr'><strong><em>erant,</em></strong></span> <span class='ocrx_word' id='word_1_201' title='bbox 311 2937 345 3002; x_wconf 92' lang='lat' dir='ltr'><strong><em>P.</em></strong></span> <span class='ocrx_word' id='word_1_202' title='bbox 359 2937 488 3003; x_wconf 83' lang='lat' dir='ltr'><strong><em>Clodius</em></strong></span> <span class='ocrx_word' id='word_1_203' title='bbox 504 2939 578 3003; x_wconf 85' lang='lat' dir='ltr'><strong><em>trib.</em></strong></span> <span class='ocrx_word' id='word_1_204' title='bbox 591 2939 634 3022; x_wconf 92' lang='lat' dir='ltr'><strong><em>pl.</em></strong></span> <span class='ocrx_word' id='word_1_205' title='bbox 652 2938 723 3022; x_wconf 86' lang='lat' dir='ltr'><strong><em>lege</em></strong></span> <span class='ocrx_word' id='word_1_206' title='bbox 739 2939 805 3001; x_wconf 88' lang='lat' dir='ltr'><strong><em>lata</em></strong></span> <span class='ocrx_word' id='word_1_207' title='bbox 821 2937 966 3002; x_wconf 89' lang='lat' dir='ltr'><strong><em>restitnit</em></strong></span> <span class='ocrx_word' id='word_1_208' title='bbox 982 2937 1126 3022; x_wconf 80' lang='lat' dir='ltr'><strong><em>collegia.</em></strong></span> <span class='ocrx_word' id='word_1_209' title='bbox 1143 2939 1181 3018; x_wconf 87' lang='lat'><strong><em>(7</em></strong></span> <span class='ocrx_word' id='word_1_210' title='bbox 1195 2969 1225 2990; x_wconf 93' lang='lat'>=</span> <span class='ocrx_word' id='word_1_211' title='bbox 1239 2941 1285 3018; x_wconf 80' lang='lat'><strong><em>6.)</em></strong></span> 
     </span>
    </p>

    <p class='ocr_par' dir='ltr' id='par_1_10' title="bbox 107 3039 1296 3760">
     <span class='ocr_line' id='line_1_25' title="bbox 197 3039 1284 3124; baseline -0.002 -16"><span class='ocrx_word' id='word_1_212' title='bbox 197 3043 214 3124; x_wconf 66' lang='grc' dir='ltr'>ξ</span> <span class='ocrx_word' id='word_1_213' title='bbox 238 3044 269 3108; x_wconf 90' lang='grc'><strong><em>9.</em></strong></span> <span class='ocrx_word' id='word_1_214' title='bbox 316 3042 462 3107; x_wconf 83' lang='lat' dir='ltr'><strong><em>Diximus</em></strong></span> <span class='ocrx_word' id='word_1_215' title='bbox 486 3043 519 3108; x_wconf 90' lang='lat' dir='ltr'><strong><em>L.</em></strong></span> <span class='ocrx_word' id='word_1_216' title='bbox 538 3042 651 3108; x_wconf 90' lang='lat' dir='ltr'><strong><em>Pisone</em></strong></span> <span class='ocrx_word' id='word_1_217' title='bbox 675 3042 732 3106; x_wconf 78' lang='lat' dir='ltr'><strong><em>A.⁶</em></strong></span> <span class='ocrx_word' id='word_1_218' title='bbox 756 3041 893 3106; x_wconf 83' lang='lat' dir='ltr'><strong><em>Gabinio</em></strong></span> <span class='ocrx_word' id='word_1_219' title='bbox 917 3039 999 3106; x_wconf 69' lang='grc' dir='ltr'><strong><em>οοε.8</em></strong></span> <span class='ocrx_word' id='word_1_220' title='bbox 1024 3042 1058 3106; x_wconf 91' lang='lat' dir='ltr'><strong><em>P.</em></strong></span> <span class='ocrx_word' id='word_1_221' title='bbox 1076 3039 1223 3106; x_wconf 83' lang='lat' dir='ltr'><strong><em>Glodinm</em></strong></span> <span class='ocrx_word' id='word_1_222' title='bbox 1244 3047 1284 3106; x_wconf 91' lang='lat' dir='ltr'><strong><em>tr.</em></strong></span> 
     </span>
     <span class='ocr_line' id='line_1_26' title="bbox 107 3146 1290 3233; baseline -0.002 -21"><span class='ocrx_word' id='word_1_223' title='bbox 107 3149 151 3233; x_wconf 94' lang='lat' dir='ltr'><strong><em>pl.</em></strong></span> <span class='ocrx_word' id='word_1_224' title='bbox 183 3152 337 3232; x_wconf 90' lang='lat' dir='ltr'><strong><em>quattuor</em></strong></span> <span class='ocrx_word' id='word_1_225' title='bbox 367 3147 452 3233; x_wconf 83' lang='lat' dir='ltr'><strong><em>leges</em></strong></span> <span class='ocrx_word' id='word_1_226' title='bbox 477 3149 667 3232; x_wconf 88' lang='lat' dir='ltr'><strong><em>perniciosas</em></strong></span> <span class='ocrx_word' id='word_1_227' title='bbox 691 3147 808 3231; x_wconf 86' lang='lat' dir='ltr'><strong><em>populo</em></strong></span> <span class='ocrx_word' id='word_1_228' title='bbox 832 3146 979 3210; x_wconf 84' lang='lat' dir='ltr'><strong><em>Romano</em></strong></span> <span class='ocrx_word' id='word_1_229' title='bbox 1002 3147 1133 3210; x_wconf 85' lang='lat' dir='ltr'><strong><em>tulisse:</em></strong></span> <span class='ocrx_word' id='word_1_230' title='bbox 1157 3183 1196 3193; x_wconf 87' lang='lat'>-</span> <span class='ocrx_word' id='word_1_231' title='bbox 1221 3151 1290 3227; x_wconf 25' lang='lat' dir='ltr'><strong><em>ter--</em></strong></span> 
     </span>
     <span class='ocr_line' id='line_1_27' title="bbox 107 3249 1296 3337; baseline -0.003 -20"><span class='ocrx_word' id='word_1_232' title='bbox 107 3254 186 3318; x_wconf 89' lang='lat' dir='ltr'><strong><em>tiam</em></strong></span> <span class='ocrx_word' id='word_1_233' title='bbox 220 3254 258 3316; x_wconf 88' lang='lat' dir='ltr'><strong><em>da</em></strong></span> <span class='ocrx_word' id='word_1_234' title='bbox 289 3251 432 3337; x_wconf 80' lang='lat' dir='ltr'><strong><em>collegiis</em></strong></span> <span class='ocrx_word' id='word_1_235' title='bbox 461 3253 664 3317; x_wconf 80' lang='lat' dir='ltr'><strong><em>restituendis</em></strong></span> <span class='ocrx_word' id='word_1_236' title='bbox 688 3252 841 3336; x_wconf 81' lang='lat' dir='ltr'><strong><em>novisque</em></strong></span> <span class='ocrx_word' id='word_1_237' title='bbox 864 3249 1099 3326; x_wconf 79' lang='lat' dir='ltr'><strong><em>instituendis⁷3</em></strong></span> <span class='ocrx_word' id='word_1_238' title='bbox 1125 3288 1165 3298; x_wconf 92' lang='lat'>—</span> <span class='ocrx_word' id='word_1_239' title='bbox 1189 3272 1296 3335; x_wconf 69' lang='lat' dir='ltr'><strong><em>quan·</em></strong></span> 
     </span>
     <span class='ocr_line' id='line_1_28' title="bbox 107 3354 1286 3443; baseline -0.002 -21"><span class='ocrx_word' id='word_1_240' title='bbox 107 3363 185 3437; x_wconf 77' lang='lat' dir='ltr'><strong><em>tarn,</em></strong></span> <span class='ocrx_word' id='word_1_241' title='bbox 208 3381 248 3422; x_wconf 92' lang='lat' dir='ltr'><strong><em>ne</em></strong></span> <span class='ocrx_word' id='word_1_242' title='bbox 271 3380 363 3443; x_wconf 89' lang='lat' dir='ltr'><strong><em>quem</em></strong></span> <span class='ocrx_word' id='word_1_243' title='bbox 387 3380 532 3422; x_wconf 86' lang='lat' dir='ltr'><strong><em>censores</em></strong></span> <span class='ocrx_word' id='word_1_244' title='bbox 555 3359 587 3422; x_wconf 91' lang='lat' dir='ltr'><strong><em>in</em></strong></span> <span class='ocrx_word' id='word_1_245' title='bbox 605 3363 718 3422; x_wconf 85' lang='lat' dir='ltr'><strong><em>senatu</em></strong></span> <span class='ocrx_word' id='word_1_246' title='bbox 734 3357 869 3441; x_wconf 85' lang='lat' dir='ltr'><strong><em>legendo</em></strong></span> <span class='ocrx_word' id='word_1_247' title='bbox 886 3354 1114 3440; x_wconf 81' lang='lat' dir='ltr'><strong><em>praeterirent⁸</em></strong></span> <span class='ocrx_word' id='word_1_248' title='bbox 1130 3378 1208 3420; x_wconf 88' lang='lat' dir='ltr'><strong><em>neve</em></strong></span> <span class='ocrx_word' id='word_1_249' title='bbox 1223 3378 1286 3439; x_wconf 90' lang='lat' dir='ltr'><strong><em>qua</em></strong></span> 
     </span>
     <span class='ocr_line' id='line_1_29' title="bbox 108 3460 1286 3549; baseline -0.003 -22"><span class='ocrx_word' id='word_1_250' title='bbox 108 3463 285 3549; x_wconf 83' lang='lat' dir='ltr'><strong><em>ignominia</em></strong></span> <span class='ocrx_word' id='word_1_251' title='bbox 309 3464 489 3540; x_wconf 80' lang='lat' dir='ltr'><strong><em>afficerent,</em></strong></span> <span class='ocrx_word' id='word_1_252' title='bbox 522 3463 585 3526; x_wconf 93' lang='lat' dir='ltr'><strong><em>nisi</em></strong></span> <span class='ocrx_word' id='word_1_253' title='bbox 616 3464 670 3547; x_wconf 90' lang='lat' dir='ltr'><strong><em>qui</em></strong></span> <span class='ocrx_word' id='word_1_254' title='bbox 695 3464 777 3546; x_wconf 84' lang='lat' dir='ltr'><strong><em>apud</em></strong></span> <span class='ocrx_word' id='word_1_255' title='bbox 802 3483 854 3526; x_wconf 90' lang='lat' dir='ltr'><strong><em>eos</em></strong></span> <span class='ocrx_word' id='word_1_256' title='bbox 878 3465 1044 3525; x_wconf 88' lang='lat' dir='ltr'><strong><em>accusatus</em></strong></span> <span class='ocrx_word' id='word_1_257' title='bbox 1067 3465 1099 3524; x_wconf 91' lang='lat' dir='ltr'><strong><em>et</em></strong></span> <span class='ocrx_word' id='word_1_258' title='bbox 1121 3460 1286 3544; x_wconf 88' lang='lat' dir='ltr'><strong><em>utriusque</em></strong></span> 
     </span>
     <span class='ocr_line' id='line_1_30' title="bbox 107 3565 1285 3651; baseline -0.003 -19"><span class='ocrx_word' id='word_1_259' title='bbox 107 3569 246 3633; x_wconf 86' lang='lat' dir='ltr'><strong><em>censoris</em></strong></span> <span class='ocrx_word' id='word_1_260' title='bbox 276 3571 435 3634; x_wconf 87' lang='lat' dir='ltr'><strong><em>sententia</em></strong></span> <span class='ocrx_word' id='word_1_261' title='bbox 465 3569 635 3632; x_wconf 88' lang='lat' dir='ltr'><strong><em>damnatus</em></strong></span> <span class='ocrx_word' id='word_1_262' title='bbox 665 3573 763 3643; x_wconf 87' lang='lat' dir='ltr'><strong><em>esset;</em></strong></span> <span class='ocrx_word' id='word_1_263' title='bbox 796 3567 857 3631; x_wconf 90' lang='lat' dir='ltr'><strong><em>hac</em></strong></span> <span class='ocrx_word' id='word_1_264' title='bbox 886 3587 963 3651; x_wconf 82' lang='lat' dir='ltr'><strong><em>ergo</em></strong></span> <span class='ocrx_word' id='word_1_265' title='bbox 993 3565 1060 3629; x_wconf 86' lang='lat' dir='ltr'><strong><em>eius</em></strong></span> <span class='ocrx_word' id='word_1_266' title='bbox 1084 3565 1153 3649; x_wconf 84' lang='lat' dir='ltr'><strong><em>lege</em></strong></span> <span class='ocrx_word' id='word_1_267' title='bbox 1175 3585 1285 3629; x_wconf 87' lang='lat' dir='ltr'><strong><em>censu·</em></strong></span> 
     </span>
     <span class='ocr_line' id='line_1_31' title="bbox 108 3669 1285 3760; baseline -0.003 -24"><span class='ocrx_word' id='word_1_268' title='bbox 108 3695 192 3750; x_wconf 80' lang='lat' dir='ltr'><strong><em>ram,</em></strong></span> <span class='ocrx_word' id='word_1_269' title='bbox 225 3696 306 3758; x_wconf 90' lang='lat' dir='ltr'><strong><em>qnae</em></strong></span> <span class='ocrx_word' id='word_1_270' title='bbox 335 3675 490 3760; x_wconf 82' lang='lat' dir='ltr'><strong><em>magistra</em></strong></span> <span class='ocrx_word' id='word_1_271' title='bbox 522 3673 653 3756; x_wconf 89' lang='lat' dir='ltr'><strong><em>pudoris</em></strong></span> <span class='ocrx_word' id='word_1_272' title='bbox 684 3677 717 3736; x_wconf 93' lang='lat' dir='ltr'><strong><em>et</em></strong></span> <span class='ocrx_word' id='word_1_273' title='bbox 740 3671 913 3736; x_wconf 89' lang='lat' dir='ltr'><strong><em>modestiae</em></strong></span> <span class='ocrx_word' id='word_1_274' title='bbox 936 3675 999 3750; x_wconf 85' lang='lat' dir='ltr'><strong><em>est,</em></strong></span> <span class='ocrx_word' id='word_1_275' title='bbox 1031 3669 1188 3734; x_wconf 85' lang='lat' dir='ltr'><strong><em>sublatam</em></strong></span> <span class='ocrx_word' id='word_1_276' title='bbox 1213 3669 1285 3734; x_wconf 63' lang='lat' dir='ltr'><strong><em>aitl.</em></strong></span> 
     </span>
    </p>
   </div>
   <div class='ocr_carea' id='block_1_9' title="bbox 107 3781 265 3860">
    <p class='ocr_par' dir='ltr' id='par_1_11' title="bbox 107 3781 265 3860">
     <span class='ocr_line' id='line_1_32' title="bbox 107 3781 265 3860; baseline -0.006 0"><span class='ocrx_word' id='word_1_277' title='bbox 107 3781 146 3860; x_wconf 85' lang='lat'><strong><em>(9</em></strong></span> <span class='ocrx_word' id='word_1_278' title='bbox 168 3810 196 3832; x_wconf 91' lang='lat'>=</span> <span class='ocrx_word' id='word_1_279' title='bbox 221 3783 265 3859; x_wconf 83' lang='lat'><strong><em>7.)</em></strong></span> 
     </span>
    </p>
   </div>
   <div class='ocr_carea' id='block_1_10' title="bbox 107 3946 1288 4370">
    <p class='ocr_par' dir='ltr' id='par_1_12' title="bbox 107 3946 1288 4370">
     <span class='ocr_line' id='line_1_33' title="bbox 182 3946 1287 4020; baseline -0.005 -13"><span class='ocrx_word' id='word_1_280' title='bbox 182 3953 208 4020; x_wconf 93' lang='grc'><strong><em>1)</em></strong></span> <span class='ocrx_word' id='word_1_281' title='bbox 226 3969 278 4007; x_wconf 87' lang='lat' dir='ltr'><strong><em>cos.</em></strong></span> <span class='ocrx_word' id='word_1_282' title='bbox 297 3970 323 4006; x_wconf 91' lang='lat' dir='ltr'><strong><em>a.</em></strong></span> <span class='ocrx_word' id='word_1_283' title='bbox 341 3970 366 4005; x_wconf 90' lang='lat' dir='ltr'><strong><em>u.</em></strong></span> <span class='ocrx_word' id='word_1_284' title='bbox 387 3970 409 4006; x_wconf 88' lang='lat' dir='ltr'><strong><em>e.</em></strong></span> <span class='ocrx_word' id='word_1_285' title='bbox 429 3954 487 4004; x_wconf 89' lang='grc'><strong>665.</strong></span> <span class='ocrx_word' id='word_1_286' title='bbox 508 3982 535 3989; x_wconf 92' lang='grc'><strong>-</strong></span> <span class='ocrx_word' id='word_1_287' title='bbox 559 3951 586 4018; x_wconf 80' lang='lat'><strong><em>2)</em></strong></span> <span class='ocrx_word' id='word_1_288' title='bbox 604 3966 654 4019; x_wconf 87' lang='lat' dir='ltr'><strong><em>per</em></strong></span> <span class='ocrx_word' id='word_1_289' title='bbox 673 3950 827 4017; x_wconf 76' lang='lat' dir='ltr'><strong><em>Buecheler,</em></strong></span> <span class='ocrx_word' id='word_1_290' title='bbox 847 3949 964 4018; x_wconf 79' lang='lat' dir='ltr'><strong><em>petinet</em></strong></span> <span class='ocrx_word' id='word_1_291' title='bbox 983 3946 1099 4016; x_wconf 88' lang='lat' dir='ltr'><strong><em>petendi</em></strong></span> <span class='ocrx_word' id='word_1_292' title='bbox 1117 3946 1189 4001; x_wconf 74' lang='lat' dir='ltr'><strong><em>litii.</em></strong></span> <span class='ocrx_word' id='word_1_293' title='bbox 1208 3977 1240 3986; x_wconf 96' lang='lat'><em>-</em></span> <span class='ocrx_word' id='word_1_294' title='bbox 1259 3948 1287 4015; x_wconf 83' lang='grc'><strong><em>3)</em></strong></span> 
     </span>
     <span class='ocr_line' id='line_1_34' title="bbox 108 4035 1287 4105; baseline -0.004 -11"><span class='ocrx_word' id='word_1_295' title='bbox 108 4058 135 4094; x_wconf 88' lang='lat' dir='ltr'><strong><em>o.</em></strong></span> <span class='ocrx_word' id='word_1_296' title='bbox 155 4058 182 4094; x_wconf 91' lang='lat' dir='ltr'><strong><em>u.</em></strong></span> <span class='ocrx_word' id='word_1_297' title='bbox 201 4058 222 4094; x_wconf 93' lang='lat' dir='ltr'><strong><em>c.</em></strong></span> <span class='ocrx_word' id='word_1_298' title='bbox 242 4043 302 4094; x_wconf 89' lang='lat'><strong><em>690.</em></strong></span> <span class='ocrx_word' id='word_1_299' title='bbox 322 4069 350 4078; x_wconf 91' lang='lat'>-</span> <span class='ocrx_word' id='word_1_300' title='bbox 375 4039 404 4105; x_wconf 83' lang='lat'><strong><em>4)</em></strong></span> <span class='ocrx_word' id='word_1_301' title='bbox 421 4041 461 4093; x_wconf 83' lang='lat' dir='ltr'><strong><em>sic</em></strong></span> <span class='ocrx_word' id='word_1_302' title='bbox 480 4038 591 4103; x_wconf 82' lang='lat' dir='ltr'><strong><em>Rinkes,</em></strong></span> <span class='ocrx_word' id='word_1_303' title='bbox 611 4055 710 4093; x_wconf 87' lang='lat' dir='ltr'><strong><em>nouem</em></strong></span> <span class='ocrx_word' id='word_1_304' title='bbox 729 4039 800 4092; x_wconf 74' lang='lat' dir='ltr'><strong><em>lton.</em></strong></span> <span class='ocrx_word' id='word_1_305' title='bbox 821 4067 851 4076; x_wconf 93' lang='lat'>-</span> <span class='ocrx_word' id='word_1_306' title='bbox 872 4038 901 4104; x_wconf 86' lang='grc'><strong><em>5)</em></strong></span> <span class='ocrx_word' id='word_1_307' title='bbox 919 4035 962 4102; x_wconf 82' lang='grc' dir='ltr'><strong><em>Α.)</em></strong></span> <span class='ocrx_word' id='word_1_308' title='bbox 983 4037 1011 4089; x_wconf 88' lang='lat' dir='ltr'><strong><em>at</em></strong></span> <span class='ocrx_word' id='word_1_309' title='bbox 1029 4036 1101 4089; x_wconf 74' lang='lat' dir='ltr'><strong><em>nari.</em></strong></span> <span class='ocrx_word' id='word_1_310' title='bbox 1121 4068 1153 4078; x_wconf 95' lang='lat'><em>-</em></span> <span class='ocrx_word' id='word_1_311' title='bbox 1173 4037 1202 4102; x_wconf 90' lang='lat'><strong><em>6)</em></strong></span> <span class='ocrx_word' id='word_1_312' title='bbox 1221 4051 1287 4090; x_wconf 80' lang='lat' dir='ltr'><strong><em>au.</em></strong></span> 
     </span>
     <span class='ocr_line' id='line_1_35' title="bbox 107 4123 1288 4198; baseline -0.01 -14"><span class='ocrx_word' id='word_1_313' title='bbox 107 4147 125 4184; x_wconf 89' lang='lat' dir='ltr'><strong><em>c</em></strong></span> <span class='ocrx_word' id='word_1_314' title='bbox 146 4133 205 4184; x_wconf 84' lang='lat'><strong><em>696.</em></strong></span> <span class='ocrx_word' id='word_1_315' title='bbox 226 4160 260 4167; x_wconf 92' lang='lat'>—</span> <span class='ocrx_word' id='word_1_316' title='bbox 279 4128 307 4198; x_wconf 78' lang='lat'><strong><em>7)</em></strong></span> <span class='ocrx_word' id='word_1_317' title='bbox 326 4128 379 4182; x_wconf 84' lang='lat' dir='ltr'><strong><em>Cic.</em></strong></span> <span class='ocrx_word' id='word_1_318' title='bbox 399 4130 428 4180; x_wconf 88' lang='lat' dir='ltr'><strong><em>iu</em></strong></span> <span class='ocrx_word' id='word_1_319' title='bbox 447 4129 502 4181; x_wconf 86' lang='lat' dir='ltr'><strong><em>Pis.</em></strong></span> <span class='ocrx_word' id='word_1_320' title='bbox 515 4131 574 4194; x_wconf 77' lang='lat'><em>4‚9:</em></span> <span class='ocrx_word' id='word_1_321' title='bbox 593 4125 713 4194; x_wconf 82' lang='lat' dir='ltr'><strong><em>collegia</em></strong></span> <span class='ocrx_word' id='word_1_322' title='bbox 733 4143 786 4180; x_wconf 90' lang='lat' dir='ltr'><strong><em>non</em></strong></span> <span class='ocrx_word' id='word_1_323' title='bbox 807 4142 840 4180; x_wconf 86' lang='lat' dir='ltr'><strong><em>aa</em></strong></span> <span class='ocrx_word' id='word_1_324' title='bbox 858 4124 957 4185; x_wconf 83' lang='lat' dir='ltr'><strong><em>solnm,</em></strong></span> <span class='ocrx_word' id='word_1_325' title='bbox 977 4138 1049 4191; x_wconf 88' lang='lat' dir='ltr'><strong><em>quae</em></strong></span> <span class='ocrx_word' id='word_1_326' title='bbox 1068 4124 1182 4175; x_wconf 82' lang='lat' dir='ltr'><strong><em>senatus</em></strong></span> <span class='ocrx_word' id='word_1_327' title='bbox 1197 4123 1288 4173; x_wconf 85' lang='lat' dir='ltr'><strong><em>sustu·</em></strong></span> 
     </span>
     <span class='ocr_line' id='line_1_36' title="bbox 111 4205 1288 4282; baseline -0.008 -12"><span class='ocrx_word' id='word_1_328' title='bbox 111 4217 199 4280; x_wconf 80' lang='lat' dir='ltr'><strong><em>leret,</em></strong></span> <span class='ocrx_word' id='word_1_329' title='bbox 224 4216 372 4278; x_wconf 84' lang='lat' dir='ltr'><strong><em>restituta,</em></strong></span> <span class='ocrx_word' id='word_1_330' title='bbox 400 4216 446 4269; x_wconf 86' lang='lat' dir='ltr'><strong><em>sed</em></strong></span> <span class='ocrx_word' id='word_1_331' title='bbox 473 4214 693 4269; x_wconf 83' lang='lat' dir='ltr'><strong><em>innumerabilia</em></strong></span> <span class='ocrx_word' id='word_1_332' title='bbox 717 4214 856 4282; x_wconf 85' lang='lat' dir='ltr'><strong><em>quaedam</em></strong></span> <span class='ocrx_word' id='word_1_333' title='bbox 875 4228 951 4268; x_wconf 83' lang='lat' dir='ltr'><strong><em>nova</em></strong></span> <span class='ocrx_word' id='word_1_334' title='bbox 970 4227 1003 4264; x_wconf 83' lang='lat' dir='ltr'><strong><em>ex</em></strong></span> <span class='ocrx_word' id='word_1_335' title='bbox 1022 4208 1098 4265; x_wconf 90' lang='lat' dir='ltr'><strong><em>omni</em></strong></span> <span class='ocrx_word' id='word_1_336' title='bbox 1117 4208 1194 4262; x_wconf 79' lang='lat' dir='ltr'><strong><em>faece</em></strong></span> <span class='ocrx_word' id='word_1_337' title='bbox 1211 4205 1288 4262; x_wconf 84' lang='lat' dir='ltr'><strong><em>urbis</em></strong></span> 
     </span>
     <span class='ocr_line' id='line_1_37' title="bbox 111 4296 1288 4370; baseline -0.007 -15"><span class='ocrx_word' id='word_1_338' title='bbox 111 4301 277 4358; x_wconf 74' lang='lat' dir='ltr'><strong><em>accersitio</em></strong></span> <span class='ocrx_word' id='word_1_339' title='bbox 296 4302 447 4358; x_wconf 86' lang='lat' dir='ltr'><strong><em>concitata.</em></strong></span> <span class='ocrx_word' id='word_1_340' title='bbox 484 4301 528 4354; x_wconf 85' lang='lat' dir='ltr'><strong><em>De</em></strong></span> <span class='ocrx_word' id='word_1_341' title='bbox 547 4308 662 4370; x_wconf 84' lang='lat' dir='ltr'><strong><em>tempore</em></strong></span> <span class='ocrx_word' id='word_1_342' title='bbox 679 4302 761 4354; x_wconf 79' lang='lat' dir='ltr'><strong><em>huius</em></strong></span> <span class='ocrx_word' id='word_1_343' title='bbox 779 4301 844 4360; x_wconf 75' lang='lat' dir='ltr'><strong><em>leons</em></strong></span> <span class='ocrx_word' id='word_1_344' title='bbox 867 4316 891 4352; x_wconf 87' lang='lat' dir='ltr'><strong><em>u.</em></strong></span> <span class='ocrx_word' id='word_1_345' title='bbox 912 4299 968 4352; x_wconf 91' lang='lat' dir='ltr'><strong><em>Mo.</em></strong></span> <span class='ocrx_word' id='word_1_346' title='bbox 993 4297 1025 4350; x_wconf 86' lang='lat' dir='ltr'><strong><em>de</em></strong></span> <span class='ocrx_word' id='word_1_347' title='bbox 1044 4296 1103 4350; x_wconf 87' lang='lat' dir='ltr'><strong><em>coll.</em></strong></span> <span class='ocrx_word' id='word_1_348' title='bbox 1123 4297 1234 4349; x_wconf 77' lang='lat'><strong><em>73-78.</em></strong></span> <span class='ocrx_word' id='word_1_349' title='bbox 1254 4325 1288 4335; x_wconf 92' lang='lat'>-</span> 
     </span>
    </p>
   </div>
   <div class='ocr_carea' id='block_1_11' title="bbox 108 4387 938 4459">
    <p class='ocr_par' dir='ltr' id='par_1_13' title="bbox 108 4387 938 4459">
     <span class='ocr_line' id='line_1_38' title="bbox 108 4387 938 4459; baseline -0.002 -17"><span class='ocrx_word' id='word_1_350' title='bbox 108 4387 139 4458; x_wconf 86' lang='grc'><strong><em>8)</em></strong></span> <span class='ocrx_word' id='word_1_351' title='bbox 160 4389 203 4457; x_wconf 68' lang='lat' dir='ltr'><strong><em>Cf.</em></strong></span> <span class='ocrx_word' id='word_1_352' title='bbox 224 4390 321 4443; x_wconf 64' lang='lat' dir='ltr'><strong><em>aaran</em></strong></span> <span class='ocrx_word' id='word_1_353' title='bbox 341 4389 501 4444; x_wconf 86' lang='lat' dir='ltr'><strong><em>Praeteriti.</em></strong></span> <span class='ocrx_word' id='word_1_354' title='bbox 521 4419 553 4429; x_wconf 91' lang='lat'><em>—</em></span> <span class='ocrx_word' id='word_1_355' title='bbox 579 4389 606 4459; x_wconf 89' lang='lat'><strong><em>9)</em></strong></span> <span class='ocrx_word' id='word_1_356' title='bbox 625 4388 688 4442; x_wconf 83' lang='lat' dir='ltr'><strong><em>adit</em></strong></span> <span class='ocrx_word' id='word_1_357' title='bbox 705 4389 746 4443; x_wconf 86' lang='lat' dir='ltr'><strong><em>uel</em></strong></span> <span class='ocrx_word' id='word_1_358' title='bbox 766 4388 848 4442; x_wconf 86' lang='lat' dir='ltr'><strong><em>addit</em></strong></span> <span class='ocrx_word' id='word_1_359' title='bbox 866 4387 938 4441; x_wconf 81' lang='lat' dir='ltr'><strong><em>lilrri.</em></strong></span> 
     </span>
    </p>
   </div>
   <div class='ocr_carea' id='block_1_12' title="bbox 0 0 1505 5040">
    <p class='ocr_par' dir='ltr' id='par_1_14' title="bbox 0 0 1505 5040">
     <span class='ocr_line' id='line_1_39' title="bbox 0 0 1505 5040; baseline 0 0"><span class='ocrx_word' id='word_1_360' title='bbox 0 0 1505 5040; x_wconf 95' lang='lat' dir='ltr'><strong><em> </em></strong></span> 
     </span>
    </p>
   </div>
  </div>
 </body>
</html>
