2992 5040
514 1184 517 1191 ι
580 1129 852 1214 expulerim

513 1287 676 1348 suuusus
696 1290 736 1345 ετ
755 1288 921 1346 russeus.

197 1469 318 1524 Litterae
334 1471 457 1524 cureiuoe
478 1467 510 1522 in
528 1469 608 1522 textu
630 1466 842 1537 inscriptionum
863 1466 1045 1536 distinguunt
1065 1482 1137 1536 quse
1156 1483 1174 1520 e
1192 1465 1306 1520 truditis

128 1558 179 1610 snt
197 1555 333 1611 differunt
352 1560 402 1610 sut
421 1555 538 1618 obsunt,
563 1556 631 1609 item
653 1553 756 1608 Latine
776 1569 857 1607 versa
877 1569 892 1607 e
911 1551 1042 1616 Graecis;
1071 1552 1099 1606 in
1121 1551 1306 1608 adnotatione

129 1659 162 1698 en
180 1661 252 1712 quse
270 1647 337 1698 sunt
355 1643 479 1700 editoris.

197 1730 292 1803 [Uncis
310 1730 471 1801 quadratis]
495 1731 710 1801 inscriptorum
737 1731 803 1785 locis
823 1729 1038 1799 distinguuntur
1063 1748 1080 1786 n
1100 1731 1215 1786 truditis
1233 1748 1306 1800 qnae

130 1819 264 1873 differunt
289 1821 340 1874 sut
358 1819 555 1873 desiderantur
574 1819 680 1874 scilicet
698 1818 825 1888 potiors;
856 1817 884 1871 in
905 1821 985 1873 textu
1002 1819 1230 1889 inscriptionum,
1259 1820 1304 1874 ubi

128 1907 195 1962 huso
218 1924 347 1977 expresse
375 1910 441 1962 sunt
466 1907 570 1963 litteris
596 1907 725 1973 cursivis,
755 1924 838 1962 uncos
867 1923 912 1962 eos
938 1907 1140 1977 supplementis
1167 1908 1305 1973 omnibus,

128 1993 370 2050 emendationibus
388 1996 484 2064 paucis
505 1995 695 2066 opposuimus.

195 2082 290 2150 (Uncis
308 2081 445 2151 rotundis)
465 2081 493 2135 in
514 2085 594 2137 textu
613 2081 813 2152 comprehense
832 2086 898 2136 sunt
911 2082 1078 2152 compendia
1096 2083 1137 2137 ita
1151 2084 1254 2147 solutu,
1275 2084 1304 2137 in

130 2169 312 2226 adnotatione
332 2169 435 2224 Lntins
456 2185 538 2224 verse.
555 2188 571 2226 e
588 2171 708 2225 Graecis.

195 2256 316 2313 Lineolis
335 2256 478 2312 subductis
497 2257 672 2328 signavimus
690 2275 763 2327 quse
783 2258 812 2313 in
833 2256 949 2312 traditis
969 2257 1092 2312 dolende
1112 2257 1250 2312 videntur.

197 2344 305 2399 Puncta
322 2389 328 2402 .
343 2386 349 2399 .
364 2386 390 2399 ..
410 2346 571 2415 significent
591 2347 676 2401 serbe
695 2345 738 2400 vel
759 2346 871 2401 litteras
890 2345 919 2398 in
940 2343 1057 2398 truditis
1076 2348 1126 2398 aut
1140 2344 1234 2400 deesse
1253 2348 1304 2399 sut

128 2432 183 2502 legi
201 2450 257 2488 non
275 2449 356 2502 posse
374 2448 463 2502 neque
481 2434 551 2488 sutis
570 2437 646 2490 certo
664 2451 744 2504 posse
762 2434 895 2504 suppleri.

196 2520 313 2577 Lineois
332 2552 362 2560 -
383 2521 524 2590 significet
542 2523 682 2591 quaedum
700 2539 733 2576 ex
753 2521 869 2575 truditis
886 2521 990 2577 omissa
1009 2538 1075 2576 esse.

195 2607 311 2677 Signum
327 2630 373 2676 Ν
391 2609 421 2662 in
440 2611 519 2664 textu
538 2609 752 2680 inscriptionum
769 2608 878 2664 indicat
896 2610 926 2663 in
945 2609 1098 2680 archetypo
1117 2611 1228 2679 purtem
1242 2626 1302 2663 ver·

125 2713 170 2749 sus
190 2713 307 2751 escuem
326 2713 391 2752 esse.

194 2784 311 2840 Numeri
344 2784 421 2840 uncis
456 2784 583 2841 rotundis
620 2785 720 2840 inclusi
748 2786 777 2840 in
806 2789 884 2840 textu
914 2784 1128 2855 inscriptionum
1157 2782 1303 2852 archetypi

126 2889 219 2928 versus
237 2873 371 2928 indicent.

127 3048 175 3100 sk.
194 3047 266 3102 Abh.
285 3068 321 3094 =
339 3046 535 3102 sksdemische
555 3045 796 3115 Abhsndlungen:

193 3133 323 3190 Rettuli.
336 3135 405 3188 Abh.
415 3156 451 3182 =
463 3135 532 3191 Abh.
546 3135 572 3189 d.
584 3135 709 3190 Berliner
719 3135 809 3188 Aliud.
822 3133 1027 3197 d.Wissensch.,
1040 3135 1188 3204 phin-hist.
1199 3135 1302 3192 Classe.

194 3223 304 3278 Mdnoh.
325 3223 369 3279 sk.
390 3223 460 3279 nuh.
479 3246 514 3271 =
532 3224 604 3280 Abh.
623 3224 649 3277 d.
671 3224 781 3278 Mitnch.
801 3223 853 3277 At.
872 3221 898 3277 d.
919 3222 973 3285 W„
991 3222 1206 3294 philos-philol.
1226 3226 1267 3277 el.

125 3312 227 3367 Annali
245 3332 281 3360 =
299 3311 395 3366 enneli
415 3309 482 3366 dell’
502 3311 635 3366 instituto
653 3310 683 3364 di
701 3310 937 3380 corrispondenze
957 3310 1161 3381 aroheologice.

125 3397 184 3453 Ber.
203 3420 238 3446 =
258 3398 400 3454 BericMe:

192 3485 264 3541 Berl.
283 3485 344 3541 Ber.
363 3507 398 3533 =
417 3487 585 3542 Monsteber.
605 3486 631 3540 d.
652 3487 723 3542 Borl.
744 3487 833 3544 Aliud.
853 3487 880 3542 d.
901 3486 1068 3543 Wissensoh.

192 3573 285 3644 Leipz.
303 3573 363 3628 Ber.
382 3595 417 3620 =
436 3574 495 3630 Ber.
516 3575 560 3630 iib.
573 3575 599 3628 d.
613 3573 727 3629 Verhdl.
747 3575 775 3630 d.
789 3576 881 3631 Stchs.
897 3577 958 3630 Ges.
978 3574 1004 3629 d.
1019 3574 1071 3639 W„
1093 3574 1245 3645 phin-hist.
1257 3574 1298 3630 el.

192 3660 284 3716 Wien.
302 3661 364 3717 Ber.
382 3682 418 3709 =
436 3659 625 3730 Sitzungsber.
644 3662 671 3717 d.
692 3663 805 3718 Wiener
825 3663 874 3716 uk.
897 3664 922 3718 d.
943 3663 986 3718 W.

125 3747 152 3808 0.
166 3750 185 3808 1.
199 3749 229 3808 L.
241 3773 274 3799 =
287 3748 393 3820 corpus
406 3749 620 3819 inscriptionum
633 3750 800 3805 Latinorum
812 3752 926 3807 consilio
939 3752 1018 3807 seed.
1034 3752 1120 3806 litter.
1136 3752 1243 3807 Boruss.
1257 3754 1302 3808 ed.

125 3837 200 3893 Grut.
220 3860 256 3886 =
274 3837 388 3892 Gruteri
407 3838 554 3892 thesaurus
572 3838 653 3893 inser.
674 3838 714 3894 ed.
737 3839 756 3892 1.
779 3840 855 3903 1602,
876 3840 919 3896 ed.
941 3840 975 3893 11.
997 3841 1073 3894 1707.

127 3925 237 3990 Heenel,
256 3925 362 3995 Corpus
380 3925 474 3996 legum
495 3925 532 3979 ub
551 3925 617 3995 imp.
635 3926 714 3982 Rom.
735 3931 802 3982 ente
821 3929 919 3983 lustin.
940 3929 1072 3982 luterum.
1096 3928 1171 3982 1857.

125 4012 212 4067 Heub.
231 4034 267 4060 =
286 4011 430 4077 Hsubold‚
457 4013 640 4082 antiquitatis
661 4013 739 4069 Rom.
761 4017 944 4069 monumento
962 4013 1078 4083 legetis,
1097 4013 1139 4068 ed.
1159 4014 1303 4083 Spnngeu-

188 4100 265 4170 berg.
295 4100 371 4157 1830.

123 4185 243 4252 Hermes,
261 4186 393 4243 Zeitsohr.
413 4188 432 4242 f.
453 4190 537 4246 kluss.
556 4189 722 4261 Philologie‚
742 4192 807 4246 inde
826 4192 863 4245 ub
881 4212 906 4247 a.
930 4193 1008 4248 1866.

123 4274 170 4330 flu.
189 4296 225 4323 =
246 4275 381 4332 Huschke.

120 4363 213 4422 anrn.
232 4386 268 4413 =
285 4365 429 4422 Jahrbuoh
447 4367 474 4420 d.
493 4386 565 4439 gem.
584 4368 660 4423 deut.
681 4368 712 4421 u.
731 4369 773 4422 ed.
795 4368 901 4423 Bekker
920 4373 948 4423 et
970 4369 1086 4423 Muther.
1110 4367 1296 4426 lest-1863.
