2992 5040
163 313 206 374 28
702 312 806 368 Festus.

163 491 201 555 F.
226 494 301 554 234.
349 487 522 553 Privato
546 496 675 573 sumptu
698 512 731 554 se
747 491 875 556 alebant
891 493 1009 557 milites
1026 493 1164 560 Romani
1180 519 1282 579 paene
1302 496 1341 560 sd

161 594 194 658 id
217 599 352 677 tempus,
376 616 439 678 quo
463 591 565 657 Roma
588 601 681 678 capta
706 600 754 660 est
776 619 795 660 a
818 596 928 662 Gallis.
975 601 1009 662 P.
1035 604 1111 667 235.

162 698 310 763 Privos
334 701 503 783 privasque
527 699 652 783 antiqui
674 701 821 765 dicebant
842 724 899 785 pro
916 702 1065 788 singulis3
1088 705 1130 769 ob
1150 727 1248 789 quam
1264 728 1337 770 cau·

159 826 229 869 sam
253 808 285 867 et
308 803 452 886 ‘privata'
476 803 636 882 dicuntur,
661 828 741 888 quae
764 806 1010 892 uniuscuiusque
1025 810 1107 885 sint;
1131 811 1207 875 hinc
1225 815 1258 875 et
1272 813 1338 894 pri·

163 909 313 993 vilegium
337 913 369 973 et
392 909 536 992 privatus
561 916 631 973 cett.
678 914 712 974 P.
736 916 818 975 226.

162 1013 371 1078 Probrum
394 1013 526 1097 virginis
552 1012 692 1078 Vestalis
717 1021 752 1079 ut
775 1018 879 1099 capite
901 1017 1078 1100 puniretur,
1103 1021 1162 1096 vir,
1188 1021 1246 1104 qui
1273 1043 1337 1085 eam

160 1120 389 1198 incestavisset,
414 1119 599 1184 verberibus
623 1126 791 1185 necaretur
799 1121 818 1199 ¹,
842 1121 902 1200 lex,
926 1123 990 1187 fixa
1006 1124 1038 1187 in
1055 1126 1138 1189 atrio
1154 1124 1336 1201 Libertatis,

159 1247 232 1288 cum
256 1225 365 1289 multis
389 1225 448 1288 alis
472 1225 596 1308 legibus
619 1225 765 1290 incendio
787 1233 975 1311 consumpta
997 1236 1055 1305 est,
1080 1234 1116 1293 ut
1137 1232 1184 1294 ait
1200 1231 1246 1294 M.
1264 1229 1338 1295 Cato

160 1331 193 1392 in
217 1351 254 1394 ea
276 1329 430 1405 oratione,
454 1351 517 1413 qua
541 1331 578 1393 de
602 1330 778 1413 auguribus
801 1331 996 1397 inscribitur.
1044 1334 1084 1398 F.
1107 1340 1184 1399 241.

159 1435 249 1498 ‘Pro
273 1457 363 1499 cens
375 1458 395 1497 ιι
419 1434 530 1498 classis
548 1435 718 1498 iuniorum'
742 1434 808 1500 Ser.
824 1436 949 1501 Tullius
972 1460 1043 1503 curn
1060 1438 1141 1502 dixit
1157 1440 1187 1502 in
1206 1439 1337 1522 discrip-

159 1541 248 1603 tione
271 1539 504 1617 centuriarum,
536 1541 635 1624 accipi
659 1541 753 1604 debet
777 1541 820 1604 ‘in
843 1545 959 1621 censu',
982 1546 1020 1606 ut
1042 1542 1088 1607 ait
1111 1541 1153 1606 M.
1180 1543 1286 1607 Varro
1308 1545 1338 1607 iu

161 1646 181 1708 l.
206 1643 252 1709 VI
275 1667 379 1709 rerum
404 1645 634 1721 humanarum,
665 1646 759 1709 sicuti
791 1666 850 1729 pro
873 1647 948 1711 aede
971 1645 1121 1724 Castoris,
1156 1670 1214 1730 pro
1238 1648 1339 1712 tribu·

159 1750 236 1827 nali,
261 1772 318 1833 pro
342 1749 535 1813 testimonio.
583 1749 623 1812 F.
647 1755 724 1813 246.

159 1854 282 1919 Proci
293 1877 311 1917 n
323 1858 389 1918 cta
413 1854 547 1938 claslsia
562 1855 729 1918 dicebatur
745 1858 905 1920 exercitus
920 1856 976 1939 ud]
993 1856 1148 1940 proelium
1165 1856 1339 1922 instructus

158 1966 192 2023 et
208 1958 382 2042 pa[ralas²‚
406 1982 497 2041 prieur
515 1959 611 2024 Diali
625 1960 754 2040 flaianiui
769 1960 890 2043 vi]dere
906 1982 969 2024 non
986 1960 1077 2026 licet:
1096 1962 1242 2044 ant[iqai
1258 1963 1337 2025 esaim

137 2067 355 2144 procinctam
378 2065 547 2146 botritium]
573 2065 732 2142 dixerunt,
756 2070 792 2129 ut
808 2087 892 2129 nirnc
907 2087 1034 2150 quoque
1058 2066 1199 2149 [diciluu
1226 2069 1283 2148 qui
1298 2067 1341 2130 ad

158 2170 316 2245 <roscidum
340 2169 520 2252 (amplectibus
544 2175 601 2233 est.
648 2168 816 2233 Prooincta
839 2175 945 2234 autem
971 2169 1055 2256 [lopo
1080 2168 1221 2235 Romani
1248 2171 1338 2255 olim]

158 2272 198 2336 ad
223 2295 362 2357 pugnam
392 2275 439 2337 ire
468 2271 574 2357 solit[i
599 2281 691 2351 surm
723 2276 807 2338 aalide
835 2281 864 2338 et
886 2272 1093 2360 testorrreu]ta
1115 2274 1149 2338 in
1173 2276 1341 2357 procinctu

158 2379 227 2443 fieri
253 2377 428 2464 [dierectum
452 2380 528 2460 pario
551 2384 625 2441 crite
646 2400 787 2459 pupuom
809 2380 917 2461 firrrrtl.
957 2380 997 2444 F.
1018 2384 1097 2444 249.
1143 2377 1341 2444 Procinc·

158 2487 238 2546 tam
261 2482 402 2557 classem,
427 2483 460 2547 id
484 2489 533 2546 est
555 2487 699 2566 paratam
725 2484 764 2547 ad
788 2483 907 2548 bellum
933 2483 1072 2548 militum
1088 2484 1341 2553 multitudinem.

160 2589 244 2652 [liali
268 2589 389 2653 flamini
416 2588 520 2652 videre
544 2611 609 2652 non
634 2588 736 2652 licuit.
783 2589 817 2652 P.
841 2593 918 2653 248.

160 2692 387 2757 Procincta
417 2694 526 2757 classis
551 2692 728 2768 dicebatur,
761 2715 830 2757 cum
856 2696 1012 2758 exercitus
1035 2693 1157 2757 cinctus
1180 2701 1251 2758 erat
1275 2695 1338 2759 Ga·

159 2798 234 2861 bino
258 2797 362 2860 cinctu
387 2795 554 2861 confestim
580 2803 797 2882 puguaturus:
833 2798 1005 2863 vetustius⁸
1033 2800 1114 2863 enim
1139 2798 1204 2863 fuit
1228 2799 1340 2864 multi·

157 2903 300 2967 tudinem
325 2902 498 2978 hominem,
522 2927 618 2988 quarn
645 2905 784 2980 navium,
808 2903 939 2969 classem
964 2903 1128 2988 appellari.
1177 2903 1213 2967 P.
1238 2909 1318 2968 225.

158 3007 332 3073 Procitu
343 3030 372 3071 m
390 3012 615 3071 testamentum
632 3007 796 3071 dicebatur
813 3008 899 3072 velut
912 3007 1097 3091 prosituml,
1115 3011 1337 3090 provocatum.

156 3113 186 3175 id
204 3118 253 3176 est
268 3112 395 3176 irritum
411 3134 447 3175 ac
465 3117 606 3195 ruptum.
634 3112 667 3176 P.
685 3117 763 3175 225.
790 3112 859 3192 (Cf.
875 3113 908 3176 P.
922 3117 991 3176 225
1006 3134 1031 3174 o.
1045 3110 1146 3175 Proc
1157 3111 1192 3174 it
1203 3133 1254 3175 aa
1267 3110 1305 3194 t.)

158 3216 335 3279 Procum
360 3217 526 3298 patricium
553 3217 585 3279 in
610 3217 817 3299 discriptione
840 3217 1015 3293 classiuml,
1047 3216 1245 3300 quemfecit
1269 3215 1336 3282 Ser.

155 3321 291 3398 Tullius,
316 3322 477 3402 significat
493 3343 675 3404 procerum
702 3322 729 3383 ἰο
753 3323 838 3385 enim
854 3328 929 3385 suut
946 3323 1113 3405 principes.
1146 3320 1231 3385 Nam
1250 3324 1338 3406 proci

153 3428 313 3503 dicuntur,
338 3428 392 3511 qui
417 3432 549 3510 poscunt
573 3428 714 3510 aliquam
739 3427 771 3489 in
790 3427 1040 3502 matrimonium,
1064 3423 1183 3490 Graece
1199 3437 1339 3511 μνηστῇ·

154 3530 235 3610 ρεςὶ
283 3530 341 3593 Est
364 3530 447 3594 euim
472 3552 601 3613 procare
627 3552 764 3613 poscere,
789 3536 825 3595 ut
848 3554 919 3596 cum
943 3532 1058 3595 dicitur
1081 3531 1113 3594 in
1134 3531 1238 3595 iudice
1262 3554 1337 3597 con·

227 3773 251 3839 l)
272 3772 459 3838 Larmene:
480 3772 552 3825 duae
569 3770 694 3826 Vestales
708 3789 739 3827 eo
753 3789 828 3828 anno
845 3775 882 3839 (u.
897 3791 919 3826 c.
929 3777 998 3834 5381.
1019 3774 1132 3843 Opimia
1147 3778 1177 3828 et
1191 3773 1337 3835 Floronia,

153 3858 246 3927 stupri
265 3861 431 3927 compertae,
452 3859 545 3912 altera
563 3858 615 3910 sub
637 3862 723 3922 terra,
743 3862 776 3912 ut
794 3876 853 3914 mos
871 3863 921 3922 est,
940 3858 976 3913 sd
996 3862 1108 3929 portam
1127 3857 1269 3914 Collinam
1289 3876 1337 3914 ne·

153 3949 228 4007 cata,
247 3946 342 3999 altera
359 3946 471 4000 sibimet
490 3947 551 4014 ipsa
570 3949 689 4001 mortem
708 3946 890 4000 consciverat.
928 3946 957 4000 L.
974 3945 1112 4000 Cantilius
1131 3945 1223 4000 scriba
1240 3947 1338 4016 ponti·

154 4032 244 4095 licius,
273 4032 321 4100 qui
346 4049 408 4086 cam
430 4032 559 4088 Floronia
577 4036 705 4102 stuprum
726 4034 842 4094 lecerat,
872 4034 1037 4102 apontifice
1055 4035 1178 4090 maximo
1196 4051 1229 4089 eo
1249 4051 1337 4104 usque

156 4119 242 4186 virgis
260 4119 290 4171 in
311 4119 424 4175 comitio
442 4136 537 4173 camus
557 4123 607 4181 est,
628 4122 660 4173 ut
678 4120 753 4173 inter
773 4120 890 4173 verbera
908 4120 1058 4188 expiraret.
1096 4120 1138 4187 Cf.
1157 4120 1232 4175 Suet.
1253 4120 1337 4175 Dora.

149 4210 214 4260 det
231 4207 306 4273 iufra
326 4223 348 4260 c.
362 4204 525 4261 Sceleratus.
547 4239 577 4247 -
596 4208 624 4274 2)
645 4206 687 4273 Cf.
707 4223 791 4273 supro
814 4224 835 4259 o.
852 4206 954 4275 Opima
972 4213 995 4260 el
1015 4213 1068 4259 tom
1096 4207 1115 4260 1
1127 4224 1148 4274 p
1168 4210 1213 4272 8,4
1232 4215 1258 4261 et
1274 4213 1338 4276 pt

154 4310 181 4344 u.
202 4298 224 4344 1.
246 4323 278 4331 -
297 4295 325 4353 3)
345 4293 481 4347 vetustius
501 4292 534 4358 G,
560 4295 685 4348 uetustus
705 4293 746 4345 M.
769 4322 800 4331 -
828 4296 854 4351 4)
872 4295 911 4346 sic
929 4293 1001 4347 libri.
1023 4323 1055 4334 -
1073 4296 1101 4354 5)
1119 4293 1255 4349 ceassium
1274 4295 1335 4348 cod.

154 4409 188 4416 —
208 4382 235 4441 6)
255 4380 378 4434 icod.
399 4409 432 4418 -
452 4380 478 4447 7)
498 4395 577 4447 grece
631 4378 825 4433 Nncrflrec
844 4380 902 4433 cod.
