2992 5040
202 317 244 380 22
739 313 846 369 Festus.

201 492 311 558 dentes
333 515 410 558 asos
432 500 465 558 et
487 515 633 577 proavos,
656 495 744 558 avias
767 499 799 557 et
822 495 970 576 proaviae
994 500 1163 576 pareutum
1180 494 1309 557 nomine
1322 516 1381 578 ap-

202 598 314 680 pellari
337 597 473 662 dicunt¹.
521 599 558 663 P.
581 604 660 663 221.

202 701 383 778 Portet,
409 704 492 787 quod
516 708 566 767 est
587 704 621 768 in
638 704 795 769 formulis.
819 702 930 767 debuit
952 710 986 767 et
1008 704 1164 787 producta
1185 705 1292 786 priore
1314 705 1383 788 syl·

201 807 276 871 laba
301 807 502 890 pronuntiari
526 814 559 871 et
581 830 645 872 non
668 809 798 890 gemino
814 806 846 871 τ’
869 808 976 881 scribi,
1002 813 1037 871 ut
1053 809 1144 873 fieret
1158 813 1280 892 ‘paret',
1298 811 1382 893 quod

201 919 250 977 est
266 913 470 977 ‘inveniatur'
495 919 533 977 ut
548 920 722 998 comparet,
746 918 890 997 apparet.
927 913 966 979 F.
990 918 1079 978 233.
1110 913 1255 979 Paret³
1279 915 1384 996 signi·

202 1017 279 1082 ficat
299 1019 476 1102 apparebit.
527 1020 564 1083 P.
586 1024 665 1083 221.

203 1123 489 1188 Parricidii⁴
523 1129 707 1209 quaestores
738 1124 994 1209 appellabantur.
1027 1125 1083 1207 qui
1112 1125 1260 1189 solebant
1282 1127 1382 1191 creari

201 1252 297 1294 causa
319 1252 425 1294 rerum
449 1232 637 1314 capitalium
663 1231 926 1315 quaerendorum.
960 1228 1048 1294 Nam
1063 1229 1221 1312 parricida
1236 1252 1301 1295 non
1316 1231 1385 1295 uti·

201 1357 263 1418 que
292 1334 331 1410 ie,
362 1336 417 1419 qui
440 1342 607 1418 parent-em
631 1337 814 1412 occidisset,
846 1335 1022 1407 dicebatur.
1054 1335 1109 1399 sed
1132 1336 1387 1421 qualemcunque

204 1438 364 1504 hominem
394 1440 625 1506 indemnatum.
673 1441 722 1505 lta
744 1442 844 1504 fuisse
866 1440 988 1504 iudicat
1012 1440 1062 1503 lex
1085 1437 1211 1504 Numae
1233 1439 1383 1524 Pompilii

202 1545 305 1628 regis⁶
330 1544 379 1608 his
403 1547 580 1629 composita
605 1547 721 1610 verbis:
747 1546 790 1611 ‘Si
815 1548 947 1631 quiret.
998 1544 1035 1608 P.
1058 1549 1136 1609 221.

203 1648 376 1714 ‘Parum
399 1654 585 1717 cavisse
609 1653 784 1727 videri',
808 1650 1228 1736 pronuntiatmagistratus.
1251 1673 1325 1715 cum
1346 1651 1386 1715 de

203 1754 346 1818 consilii⁶
370 1758 529 1820 sententia
554 1758 668 1841 capitis
694 1780 787 1842 quem
811 1758 1080 1821 condemnaturus
1102 1761 1160 1821 est
1205 1756 1247 1820 F.
1269 1760 1348 1820 238.

205 1859 345 1924 Pater
377 1863 613 1943 patrimus
646 1864 810 1927 dicebatur
840 1863 923 1945 apud
954 1862 1117 1945 antiquos.
1146 1861 1201 1944 qui
1224 1883 1297 1925 curn
1322 1862 1387 1925 iam

204 1966 271 2049 ipse
294 1971 385 2048 pater
410 1973 505 2041 esset,
528 1968 671 2034 habebat
693 1970 789 2032 etiam
813 1974 882 2032 tum
906 1972 1039 2050 patrem.
1086 1966 1125 2030 F.
1148 1970 1226 2030 234.

206 2069 281 2156 [Pu
294 2079 389 2135 tres
412 2071 647 2157 uppc]llantur‚
671 2097 707 2139 ex
725 2072 840 2157 quibus
856 2077 985 2137 senatus
1002 2071 1159 2156 [priunum
1176 2075 1391 2153 conpositus,-

208 2196 280 2239 uum
304 2176 395 2238 initio
420 2174 526 2261 rubis]
551 2178 697 2242 conditae
716 2175 911 2241 RonrulusG
936 2174 1040 2261 [ciros
1059 2176 1152 2257 clepit
1164 2179 1389 2256 praestantis·

206 2280 332 2360 cirues]
357 2302 493 2364 quorum
516 2281 650 2345 consilio
673 2274 776 2364 utque¹
793 2279 988 2365 [prudentia
1012 2281 1216 2359 respublica
1232 2280 1389 2365 ud]mini·

205 2388 381 2448 straretur:
407 2392 505 2469 atque
530 2384 572 2468 [ii
591 2386 902 2466 praesentisque,
926 2381 1016 2469 quia]
1041 2406 1192 2467 agrorum
1209 2390 1318 2468 partes
1332 2387 1388 2450 ad·

208 2486 401 2575 [tribuerant
426 2490 657 2573 tenuioribusl]
682 2490 813 2574 perinde
835 2511 872 2554 ac
894 2490 1012 2555 liberis.
1054 2490 1093 2553 F.
1116 2495 1194 2555 216.
1240 2491 1390 2556 Patres

207 2598 370 2657 senatores
393 2595 463 2658 ideo
488 2595 644 2678 appellati
668 2600 752 2669 sunt,
777 2596 853 2679 quia
876 2617 1026 2678 agrorum
1044 2601 1150 2678 partes
1167 2595 1392 2662 adtribueraut

210 2700 409 2764 tenuioribus
432 2703 517 2764 acsi
541 2701 650 2766 liberis
675 2702 820 2786 propriis.
868 2702 906 2765 P.
929 2706 1006 2765 247.

212 2803 456 2868 Patricius
479 2804 606 2869 Cincius
630 2807 676 2870 ait
699 2807 730 2869 in
751 2807 834 2870 libro
857 2807 895 2869 de
910 2806 1049 2869 comitiis
1071 2827 1124 2868 eos
1140 2805 1293 2889 appellari
1311 2807 1391 2870 soli·

210 2914 271 2986 loo,
294 2911 347 2992 qui
374 2931 456 2973 nunc
479 2911 609 2995 ingenui
634 2916 793 2975 vocentur.
842 2911 880 2974 F.
905 2915 980 2974 211.

211 3012 458 3078 Patricius
482 3015 570 3079 vicus
595 3015 715 3081 Romae
738 3017 840 3079 dictus
863 3038 911 3093 eo,
936 3016 1019 3100 quod
1043 3015 1087 3078 ibi
1113 3017 1236 3098 patricii
1260 3016 1389 3081 habita·

211 3124 334 3195 verunt,
357 3119 485 3184 iubente
508 3119 637 3186 Servio⁸
661 3123 779 3195 Tullio,
805 3128 851 3199 ut,
874 3122 901 3185 si
928 3122 1004 3205 quid
1024 3120 1213 3184 molirentur
1237 3122 1391 3186 adversus

211 3224 326 3307 ipsum,
351 3246 388 3287 ex
410 3224 488 3288 locis
511 3227 728 3310 superioribus
751 3228 1018 3310 obprimerentur.
1067 3225 1105 3289 P.
1129 3229 1208 3289 221.

212 3327 408 3391 Putrimi
441 3335 473 3393 et
498 3332 638 3395 matrimi
669 3332 775 3416 pueri⁹
799 3332 988 3415 praetextati
1014 3337 1078 3394 tres
1102 3331 1316 3395 nubentem¹⁰
1334 3332 1389 3395 de·

211 3434 342 3507 ducunt,
368 3457 449 3498 uuus
473 3437 527 3520 qui
551 3436 653 3501 facem
677 3439 814 3521 praefert
838 3460 876 3500 ex
900 3438 992 3519 spina
1016 3436 1099 3505 alba.
1123 3437 1198 3519 quia
1215 3441 1313 3501 noctu
1328 3458 1390 3500 nu·

211 3537 340 3615 bebaut,
365 3541 427 3602 duo
451 3541 506 3624 qui
530 3547 639 3605 teuent
661 3542 842 3605 nubentem.
891 3541 928 3604 F.
953 3545 1028 3602 245.

214 3640 437 3707 Patrociu
451 3645 460 3707 i
472 3668 492 3708 a
514 3644 667 3728 appellari
691 3649 803 3728 coepta
825 3649 910 3718 sunt,
934 3668 1005 3708 cum
1030 3646 1119 3728 plebs
1143 3645 1318 3710 distributa
1340 3652 1391 3710 est

213 3749 297 3813 iuter
324 3753 439 3830 patres,
474 3756 640 3814 uteorum
664 3752 777 3834 opibus
801 3758 984 3815 tutuesset.
1031 3752 1070 3814 F.
1094 3757 1171 3815 233.
1217 3752 1271 3831 (P.
1294 3757 1395 3833 232.)

216 3853 365 3937 Patrlo
379 3876 457 3918 uus
479 3881 499 3919 α
517 3862 613 3937 pube
637 3879 695 3919 rur·
717 3858 757 3919 ub
780 3859 925 3936 siciliquis
948 3856 1066 3937 dictus]
1089 3858 1141 3923 sit.
1168 3855 1392 3920 manifestum:

306 4136 332 4195 1)
353 4136 484 4190 dicuntur
514 4138 546 4190 G.
575 4167 607 4176 -
636 4139 665 4206 2)
691 4137 865 4206 geminorum
892 4138 946 4190 rod.
972 4167 1004 4175 -
1032 4136 1060 4204 3)
1083 4140 1180 4205 parret
1202 4134 1274 4187 MT.
1303 4164 1336 4175 -
1362 4137 1392 4200 4)

215 4224 317 4292 pertici
337 4225 406 4278 libri.
438 4256 469 4264 —
499 4227 528 4291 5)
548 4225 589 4290 Cf.
609 4224 833 4292 tom.1p.10‚1·.’
855 4244 879 4277 u.
900 4229 924 4279 3.
945 4256 977 4264 -
997 4226 1025 4291 6)
1043 4223 1166 4279 consiliis
1187 4222 1243 4277 eod.
1263 4253 1297 4262 -
1316 4224 1344 4290 7)
1363 4222 1397 4294 [l

213 4329 245 4365 ec
276 4312 372 4367 Paulo.
398 4345 425 4353 -
459 4314 485 4377 8)
504 4315 618 4368 seruitio
638 4313 717 4371 GM.
746 4313 836 4368 seruio
863 4314 889 4365 Τ.
918 4343 951 4351 -
978 4313 1007 4379 9)
1025 4329 1111 4381 puero
1132 4311 1188 4365 eod.
1221 4341 1249 4349 -
1279 4310 1324 4379 10)
1342 4326 1395 4364 uu·

212 4400 296 4454 beuta
314 4403 368 4455 cori.
