2992 5040
569 297 648 361 Cato,
666 297 701 352 de
719 300 781 367 egri
801 299 921 353 cultura.

236 477 266 541 2.
303 474 380 539 Vini
403 475 436 538 in
453 474 573 539 culleos
597 475 742 560 singulos
766 477 990 561 quadragenae
1012 484 1045 542 et
1067 477 1213 563 singulae
1237 504 1339 548 urnae

149 583 321 648 dabuntur.

237 690 267 753 3.
304 690 396 766 Quod
421 711 521 773 neque
544 695 633 753 accat
663 712 763 774 neque
795 694 935 767 muceat,
966 691 998 755 id
1022 691 1161 756 dabitur.

238 795 268 859 4.
301 793 336 858 In
363 795 469 858 triduo
493 816 649 878 proxumo
666 796 725 859 vIri
741 795 818 860 boni
835 796 996 861 arbitratu
1011 798 1189 881 degustato.
1226 796 1336 861 sinon

150 901 197 964 ita
212 899 333 975 fecerit.
350 900 459 962 vinum
476 922 534 984 pro
551 901 719 984 degustato
736 902 807 965 erit.
831 907 910 984 quot
921 901 987 965 dies
1000 924 1056 985 per
1067 902 1232 965 dominum
1244 924 1340 965 mora

150 1003 258 1079 fuerit,
275 1026 339 1088 quo
355 1004 462 1068 minus
478 1005 586 1068 vinum
603 1006 761 1090 degustet,
777 1006 911 1069 totidem
922 1006 989 1070 dies
1001 1008 1137 1089 emptori
1150 1008 1330 1089 procedent.

109 1102 129 1164 2
238 1112 267 1171 5.
299 1108 419 1173 Vinum
437 1110 571 1193 accipito
588 1115 661 1173 aute
677 1110 708 1173 k.
722 1110 789 1173 Ian.
807 1111 936 1194 primas,
954 1112 981 1174 si
998 1135 1060 1176 non
1077 1117 1150 1177 ante
1166 1113 1335 1196 acceperit.

238 1217 268 1281 6.
302 1214 459 1279 Dominus
484 1217 592 1279 vinum
608 1216 808 1280 admetietur.
843 1218 925 1300 quod
943 1217 1110 1281 admensus
1127 1219 1197 1295 erit,
1222 1240 1281 1301 pro
1298 1241 1338 1284 eo

150 1318 327 1386 resolvit0¹.

240 1428 269 1490 7.
305 1423 338 1489 Si
364 1430 488 1508 emptor
511 1424 692 1508 postularit,
716 1425 862 1489 dominus
885 1426 934 1490 ius
964 1429 1133 1493 iurandum
1166 1429 1257 1493 dabit
1281 1452 1336 1494 ve·

149 1554 220 1595 rum
244 1531 364 1595 fecisse.

241 1638 269 1701 8.
309 1634 409 1699 Locus
442 1636 524 1700 vinis
558 1636 597 1698 ad
630 1637 661 1700 k.
696 1635 848 1702 Octobres
879 1639 998 1721 priuaas
1026 1639 1162 1702 dabitur.
1203 1642 1231 1703 si
1257 1646 1338 1706 ante

150 1764 214 1806 nun
241 1741 472 1824 deportaverit,
501 1741 647 1806 dominus
678 1743 749 1806 vino
773 1743 848 1826 quid
873 1744 958 1807 volet
981 1741 1103 1807 facict’.

239 1849 268 1911 9.
304 1846 416 1911 Cetera
438 1847 498 1921 Iex,
523 1868 603 1929 quae
626 1847 714 1910 oleae
737 1847 896 1929 pendenti.

21 1948 132 2005 CXLIX
242 1956 270 2017 1.
306 1951 391 2027 ⁸Qua
412 1952 483 2033 Iege
506 1952 657 2035 pabulum
682 1951 850 2017 hibernum
874 1954 984 2017 venire
1007 1958 1161 2036 oporteat.

240 2060 270 2122 2.
306 2060 375 2133 Qua
399 2059 525 2134 vendas,
548 2056 643 2122 fines⁴
668 2058 773 2122 dicite.
812 2058 963 2142 pabulum
979 2059 1044 2123 frui
1060 2059 1194 2143 occipito
1212 2082 1251 2124 ex
1267 2061 1334 2125 kal.

151 2160 401 2247 Septembribus.
436 2170 529 2246 prato
552 2165 634 2227 sicco
659 2164 797 2237 decedat.
826 2164 881 2227 nbi
909 2164 1012 2247 pirus⁶
1039 2163 1152 2228 florere
1178 2166 1335 2248 coeperit:

150 2272 243 2351 prato
264 2271 402 2354 inrigua
426 2267 480 2331 ubi
497 2290 590 2350 super
614 2267 758 2351 inferque
782 2268 902 2331 vicinus
925 2268 1120 2346 submittet⁶,
1145 2274 1215 2332 tum
1240 2271 1330 2334 dece·

151 2375 228 2452 dito,
252 2374 301 2437 vel
324 2374 406 2437 diem
423 2378 540 2437 certam
559 2374 686 2456 utrique
709 2373 817 2437 facito.
853 2379 957 2437 cetero
981 2373 1098 2456 pabulo
1120 2373 1185 2437 kal.
1204 2373 1331 2439 Martiis

151 2476 318 2544 decedit0⁷.

109 2582 129 2643 2
237 2587 266 2649 3.
304 2587 413 2650 Bubus
430 2587 557 2651 domitis
578 2587 687 2667 binis⁸‚
704 2587 867 2652 cantherio
885 2588 965 2663 uni⁹‚
982 2610 1053 2651 cum
1071 2592 1195 2670 emptor
1212 2590 1334 2669 pascet.

150 2690 277 2753 domino
304 2713 431 2773 pascere
459 2693 618 2775 recipitur.

238 2797 268 2859 4.
303 2794 441 2873 Boleris,
474 2797 646 2878 asparagis
680 2796 788 2881 lignice,
821 2820 913 2880 aqua.
947 2798 1074 2871 itinere,
1109 2802 1180 2860 actu
1210 2796 1330 2859 domini

150 2901 288 2965 nsinni¹⁰
311 2901 471 2983 recipitur.

237 3010 265 3070 5.
301 3006 334 3071 Si
358 3007 432 3090 quid
457 3010 581 3088 emptor
604 3012 660 3069 aut
676 3010 817 3088 pastores
841 3012 897 3071 aut
926 3030 1018 3090 pecus
1035 3007 1186 3090 emptoris
1202 3007 1336 3070 domino

149 3114 257 3177 damni
284 3113 414 3187 dederit,
443 3111 517 3175 boui
542 3110 628 3173 viri¹²
656 3110 814 3174 arbitratu
842 3110 989 3176 resolvat.

239 3219 267 3281 6.
304 3216 336 3281 si
360 3217 434 3301 quid
459 3215 605 3279 dominus
634 3221 690 3279 aut
713 3215 835 3277 familia
867 3219 923 3279 aut
945 3238 1039 3298 pecus
1062 3214 1198 3297 emptori
1222 3214 1334 3277 damni

150 3323 279 3400 dederit,
304 3323 365 3385 viri
391 3322 467 3385 boni
491 3321 647 3383 arbitratu
672 3320 857 3383 resolvetur.

238 3428 267 3491 7.
308 3428 463 3491 Donicum
491 3426 683 3510 pecuniam¹⁹
705 3425 897 3489 satisfecerit
919 3428 975 3487 aut
991 3424 1154 3509 delegarit,
1180 3444 1274 3507 pecus
1298 3429 1332 3488 et

149 3533 284 3608 familia,
313 3556 393 3616 (luae
419 3532 485 3595 illic
512 3532 582 3607 erit,
613 3532 737 3614 pigneri
767 3535 871 3594 sunto

237 3639 266 3701 8.
306 3636 338 3699 Si
374 3636 449 3718 quid
482 3637 520 3699 de
551 3636 590 3698 iis
622 3634 715 3698 rebus
743 3635 977 3698 controversiae
1003 3637 1072 3711 erit,
1105 3632 1222 3696 Itomae
1247 3632 1334 3697 iudi·

148 3744 232 3807 cium
256 3743 323 3805 fiat.

221 3954 245 4019 l)
264 3968 315 4019 pro
334 3968 365 4005 eo
378 3951 525 4018 resolvite]
546 3968 597 4018 pro
617 3968 648 4004 eo
667 3949 865 4003 dominantem
881 3946 983 4001 soluite
1006 3946 1032 3999 U.
1053 3976 1086 3984 -
1106 3948 1134 4011 ¹2)
1153 3943 1241 3999 Locus
1257 3943 1330 3997 vinis

150 4081 195 4093 ...
216 4039 303 4092 saciet
322 4039 389 4091 rante
407 4042 518 4106 repetitu
539 4045 606 4091 sunt
625 4054 658 4091 en·
672 4055 691 4091 c.
704 4042 761 4089 147.
783 4067 815 4075 -
834 4038 862 4101 3)
880 4034 991 4088 CLVIII
1011 4035 1066 4087 Lex
1085 4032 1191 4102 pabulo
1210 4031 1330 4087 locando

149 4130 229 4181 iudea:
251 4126 278 4182 (Ἰ.
308 4158 337 4165 --
358 4127 384 4192 I)
407 4125 484 4193 tinea]
504 4125 567 4178 finis
589 4125 616 4177 C.
637 4156 670 4162 -
690 4127 717 4193 5)
737 4124 814 4192 prius
833 4130 861 4175 nt
881 4123 991 4186 ardetur,
1015 4121 1042 4173 (³.
1069 4150 1100 4159 -—
1120 4120 1148 4188 6)
1167 4118 1334 4188 submittet).

146 4216 242 4282 scripsi
262 4215 307 4281 (cs.
332 4215 398 4267 Cute
417 4217 467 4278 «531.
479 4217 562 4278 dost),
582 4212 730 4281 promittet
752 4211 779 4265 C.
801 4241 828 4250 -
850 4213 876 4278 7)
895 4208 1030 4274 decedito]
1050 4209 1116 4273 edd,
1134 4206 1225 4261 cedito
1248 4205 1275 4260 Ο.
1296 4236 1328 4246 -

148 4302 175 4366 8)
195 4300 278 4370 binis]
296 4300 363 4365 edd,
383 4299 464 4352 bimis
484 4317 506 4351 c.
526 4329 558 4336 -
578 4302 605 4361 9)
624 4299 685 4366 uni]
703 4299 773 4361 dett..
794 4298 852 4351 uini
875 4300 901 4349 (2¹.
924 4328 955 4335 -
978 4296 1021 4365 10)
1040 4296 1100 4349 usio
1113 4296 1274 4348 (iconomus.
1295 4324 1329 4331 -

151 4389 193 4456 11)
212 4387 275 4457 viril
295 4405 332 4440 uu
353 4386 380 4439 C.
400 4416 434 4425 -
456 4387 496 4452 12)
517 4387 605 4438 nudius
627 4384 752 4453 pecunia.
