2992 5040
125 114 190 181 220
575 106 678 165 nnete
695 112 867 180 praetorum.

126 286 205 373 pilla
226 288 287 352 viri
310 293 422 373 potens
444 285 544 352 fuerit
565 291 598 353 et
620 293 706 354 reete
733 287 934 353 defendetur:
958 309 1022 367 eos,
1046 287 1103 372 qni
1126 288 1211 353 bona
1234 308 1309 370 pos·

125 393 238 470 sident‚
262 393 301 457 de
323 391 520 476 possessione
541 391 690 457 desedere
710 390 827 457 iubebo
835 393 854 458 ¹.

215 499 244 561 2.
280 496 343 574 Qui
365 496 577 561 fraudationis
599 518 696 562 ceusu
718 497 876 573 latitabit,
912 497 939 562 si
963 496 1040 560 boni
1063 495 1125 561 viri
1147 496 1308 561 arbitratu

127 623 191 666 non
214 600 410 680 defendetur,
433 601 502 666 eius
524 601 608 665 bona
631 602 785 685 possideri
810 599 984 686 vendique¹
1006 599 1149 666 iubebo³.

214 708 244 772 3.
278 706 341 782 Qui
362 706 476 779 absens
498 705 615 772 iudicio
638 706 788 772 defensus
805 729 867 772 non
884 705 1011 783 fuerit‘‚
1036 706 1119 786 (eius
1137 705 1220 770 berra
1233 725 1311 787 pos-

125 811 224 875 sideri
245 811 379 894 iubebo),
403 815 435 875 et
458 811 535 888 eius,
559 811 650 876 onius
674 811 759 876 bona
784 834 929 895 possessa
951 815 1027 875 sunt
1049 833 1069 874 a
1088 810 1310 888 oreditoribus,

128 919 274 993 veneant,
298 920 521 999 praeterquam
543 915 660 1000 pupilli
684 917 810 994 eteius,
834 916 890 1000 qui
906 916 952 981 rei
967 913 1114 1000 publioee
1132 936 1228 980 eausa
1245 915 1312 979 sine

127 1019 201 1084 dolo
224 1019 309 1084 melo
332 1018 444 1083 afuit⁶.

215 1128 244 1192 4.
270 1149 299 1189 a.
330 1123 390 1189 cni
413 1125 504 1190 heres
528 1146 592 1189 non
616 1123 757 1190 extabit⁶
776 1173 890 1189 .....

214 1231 245 1295 b.
282 1231 330 1295 De
352 1231 422 1296 iure
444 1231 651 1296 deliberandi.
688 1229 721 1294 Si
745 1235 871 1315 tempus
894 1232 935 1296 ad
957 1230 1198 1296 deliberandum
1214 1233 1312 1314 petet,

127 1333 261 1400 debo'·
279 1385 391 1400 .....

217 1463 243 1507 o.
278 1438 312 1505 Si
344 1441 458 1525 pupilli
483 1440 623 1525 pupillae
655 1439 784 1504 nomine
807 1441 1024 1524 postulabitur
1046 1445 1172 1524 tempus
1194 1441 1236 1505 ad
1259 1442 1313 1506 de·

129 1544 340 1624 liberandum,
366 1568 406 1610 an
430 1545 578 1629 expediat
593 1567 665 1608 eum
681 1544 890 1610 hereditatem
907 1547 1053 1622 retinere,
1078 1549 1111 1610 et
1125 1545 1186 1609 hoo
1201 1545 1313 1610 datum

129 1650 187 1726 sit,
210 1650 238 1714 si
260 1651 345 1715 iusta
368 1672 466 1715 eausa
489 1671 557 1714 esse
579 1647 749 1728 videbitur,
775 1649 858 1714 bona
880 1649 1003 1715 interea
1018 1650 1158 1715 demmui
1173 1650 1236 1714 nisi
1257 1651 1312 1735 [si]

129 1776 225 1819 eausa
247 1755 377 1841 cognite
402 1755 477 1819 boni
502 1754 562 1818 viri
586 1753 746 1818 arbitratu
770 1753 909 1820 vetabo⁸.

218 1861 247 1924 d.
402 1858 436 1924 Si
468 1882 524 1943 per
548 1882 620 1924 eum
642 1881 752 1923 eamve
774 1857 897 1922 fastum
920 1860 995 1937 erit,
1026 1882 1090 1944 quo
1113 1861 1190 1943 quid
1214 1882 1253 1924 ex
1277 1882 1316 1925 ea

129 1966 306 2032 hereditate
331 1966 559 2043 amoveretur⁹‚
583 1964 773 2047 (absterreret
791 1970 974 2046 potestatem
998 1985 1060 2029 riou
1075 1965 1227 2048 jocium).

218 2072 247 2136 5.
286 2072 348 2153 Qui
371 2070 502 2152 capitali
524 2071 655 2134 smoniae
677 2070 847 2135 deoneratus
869 2069 971 2135 errem.

24 2173 120 2252 3:353:
219 2173 403 2240 XXXVIII.
436 2174 613 2240 Debebis
631 2174 893 2255 possidendis
911 2173 1215 2255 proscribendos
1231 2195 1315 2237 eeu·

129 2280 321 2344 elensis&
370 2282 398 2342 1.
433 2280 494 2354 Qui
526 2301 564 2343 ex
591 2279 693 2344 edicto
728 2301 797 2343 meo
826 2280 858 2342 in
894 2280 1122 2362 possessionem
1154 2277 1313 2356 venerint,

129 2407 181 2449 eos
204 2385 251 2447 ite
273 2385 398 2448 videtur
421 2385 454 2446 in
478 2385 676 2466 possessione
700 2406 768 2448 esse
790 2387 947 2466 oportere.
983 2383 1068 2467 quod
1091 2383 1209 2448 ibidem
1228 2390 1315 2450 recte

128 2489 286 2553 custodire
318 2493 484 2571 poterunt,
518 2488 551 2551 id
574 2487 692 2552 ibidem
716 2488 907 2552 custodiant.
949 2488 1034 2572 quod
1057 2509 1120 2552 non
1145 2493 1311 2572 poterunt,

128 2595 161 2658 id
184 2594 309 2658 auferre
331 2599 363 2658 et
386 2593 540 2659 ebducere
562 2592 681 2657 licebit.
719 2592 882 2657 dominum
905 2592 1043 2656 invitum
1060 2593 1229 2658 detrudere
1244 2617 1312 2659 non

130 2696 272 2783 plaeet¹¹.

185 2859 187 2865 .
215 2805 244 2868 2.
447 2801 481 2867 Si
513 2805 603 2888 quis,
635 2827 707 2869 cum
736 2806 768 2868 in
801 2805 999 2888 possessione
1031 2804 1186 2867 bonorum
1219 2809 1314 2879 esset,

128 2908 213 2993 qnod
243 2930 280 2973 eo
310 2907 437 2972 nomine
468 2908 593 2973 fructus
615 2911 750 2993 ceperit,
780 2911 820 2987 ei,
850 2911 890 2973 ed
912 2930 1007 2993 quem
1029 2930 1067 2972 ea
1089 2930 1139 2972 res
1161 2909 1316 2992 pertinet,

128 3037 193 3077 non
216 3015 381 3077 restituat:
413 3012 498 3090 sive,
531 3014 616 3097 quod
640 3015 802 3098 impensae
825 3014 893 3077 sine
916 3013 989 3077 dolo
1012 3010 1097 3076 malo
1120 3011 1250 3089 iecerit,
1287 3018 1315 3079 ei

129 3140 193 3182 non
216 3117 447 3201 praestabitur:
471 3118 537 3182 sive
560 3118 633 3182 dolo
656 3119 741 3182 malo
757 3119 824 3182 eius
841 3119 977 3183 deterior
993 3139 1088 3182 eausa
1104 3119 1315 3200 possessionis

129 3223 215 3286 facta
237 3244 304 3285 esse
327 3222 460 3298 dicetur,
485 3223 523 3286 de
545 3245 582 3286 ea
606 3245 639 3288 re
662 3223 816 3288 iudicium
839 3224 874 3287 in
898 3224 1020 3288 lectum
1043 3220 1161 3286 dab0¹².

217 3325 246 3389 3.
282 3325 314 3389 Si
346 3326 417 3409 quis
451 3325 523 3389 dolo
554 3328 638 3392 malo
669 3328 798 3407 feeerit,
832 3350 895 3413 quo
925 3329 1030 3392 minus
1062 3328 1133 3411 quis
1155 3330 1315 3411 permissu

218 3479 245 3550 1)
264 3481 301 3534 D.
321 3485 442 3548 42‚4,5,2.
462 3511 497 3522 -
522 3480 549 3549 2)
568 3480 717 3553 vendique]
737 3483 850 3536 edicerem
869 3483 978 3535 leubur't:
1004 3481 1141 3551 proscribi
1161 3482 1316 3552 veniatque,

129 3569 166 3636 cf.
184 3586 210 3622 η.
230 3573 271 3620 11.
292 3599 324 3608 -
343 3569 371 3638 3)
390 3567 426 3621 D.
445 3572 569 3634 42,4,7‚1.
608 3569 661 3622 Cic.
679 3586 730 3637 pro
752 3569 876 3638 Quinctio
897 3573 992 3627 19,60.·
1020 3568 1143 3623 edictum
1162 3569 1219 3638 ‘qui
1239 3570 1316 3625 fran-

129 3654 253 3710 dationis
271 3671 358 3710 eausa
376 3655 519 3710 latitarit.'
542 3685 570 3696 -
591 3657 618 3724 4)
638 3656 691 3710 θέο.
710 3674 760 3724 pro
780 3657 907 3726 (lur'ncts'e
927 3660 1015 3721 19‚o·0.
1035 3686 1070 3696 -
1089 3658 1115 3722 5)
1134 3654 1172 3708 D.
1189 3660 1315 3722 42,4,6.1.

131 3771 163 3782 -
191 3743 219 3811 6)
241 3741 362 3809 Giepro
382 3742 614 3810 Qrss'rretio19,60.
643 3772 677 3782 -
706 3744 732 3811 7)
751 3744 787 3797 D.
806 3747 931 3810 28,8,1,1,
952 3774 988 3783 -
1004 3743 1034 3813 8)
1050 3743 1089 3797 Ι).
1109 3746 1201 3810 28‚8,7
1215 3761 1262 3812 pr.
1282 3773 1316 3785 -

129 3830 157 3897 9)
177 3828 214 3882 D.
229 3832 371 3895 29,2‚·71‚3.
392 3859 424 3869 -
445 3830 488 3898 10)
513 3831 648 3885 Vetustom
666 3831 742 3884 illem
761 3832 913 3889 clausulam
934 3832 990 3901 ‘qui
1008 3831 1100 3886 exsilii
1120 3846 1205 3885 cansa
1224 3832 1316 3888 solnm

131 3913 257 3971 verterit’
277 3915 344 3979 (esc.
359 3934 388 3984 p.
407 3919 533 3986 Quinctio
553 3921 644 3984 19,60)
663 3919 694 3972 in
712 3919 826 3973 edr'ctum
840 3926 1001 3988 perpetuum
1020 3919 1148 3973 trarmsse
1164 3921 1222 3972 veri
1239 3919 1316 3975 desei·

130 4004 192 4058 risile
209 4011 256 4059 eet.
280 4034 315 4044 -
339 4006 384 4074 11)
410 4004 452 4073 Cf.
475 4007 556 4060 Prob.
575 4011 652 4073 5,24:
684 4007 709 4062 b.
729 4025 752 4062 e.
771 4024 793 4061 e.
813 4025 841 4076 p.
860 4025 887 4077 p.
907 4025 931 4060 v.
950 4025 978 4075 q.
996 4007 1014 4060 i.
1034 4028 1066 4054 =
1087 4006 1161 4061 bona
1179 4023 1212 4060 ex
1232 4007 1317 4061 edicto

130 4090 265 4160 possideri
287 4091 421 4160 proscribi
441 4091 584 4162 venirique
602 4093 721 4150 iubebo*
758 4095 819 4147 (r'ur'.
840 4099 911 4155 359.
940 4124 973 4134 -·
1004 4094 1046 4163 12)
1068 4094 1121 4148 Cic.
1137 4112 1166 4162 p.
1186 4093 1313 4162 &eiectio

129 4181 217 4244 27,84.
236 4209 270 4217 -
290 4179 333 4246 13)
354 4178 389 4231 D.
409 4182 499 4245 42,5,9
515 4197 561 4247 pr.
