2992 5040
557 330 606 386 SC.
624 330 830 386 luventianum.
1219 331 1281 401 195

103 509 156 591 qui
179 509 318 593 rogarit,
348 530 412 572 non
435 506 563 583 fuerit¹,
585 508 694 571 adesse
718 506 908 589 negabitur:
940 512 1068 590 praetor
1091 516 1280 595 cogrroscat:

104 613 183 677 etsi
205 613 238 675 iu
263 634 300 676 aa
322 633 417 677 eausa
436 633 504 677 esse
527 611 702 689 ridebitur,
735 615 787 689 ut,
820 611 847 675 si
871 633 1019 695 praesens
1042 619 1134 691 esset,
1168 637 1281 681 manu·

108 718 230 782 mittere
252 716 326 801 cogi
347 717 492 782 deberet:
515 715 547 781 id
571 716 619 780 ita
642 738 709 781 esse
732 718 928 800 pronuntiet.
974 716 1116 802 Cumque
1138 719 1185 783 ita
1208 741 1281 803 pro·

108 823 299 896 nuntiasset,
322 821 407 885 idem
431 822 510 885 iuris
533 822 610 898 erit,
643 821 728 905 quod
751 826 847 898 esset,
871 822 898 884 si
921 822 977 900 ita,
1001 826 1098 888 uter
1121 823 1281 889 fideicom-

105 926 200 990 misso
223 927 406 991 manumitti
430 927 601 1003 debuisset,
625 925 837 989 manumissus
861 929 952 991 esset.

384 1104 435 1167 57.
470 1102 536 1167 Sc.
562 1102 856 1167 luventianum
880 1102 1007 1168 u129.

182 1260 232 1336 (Ι).
255 1264 400 1329 5,3,20,6.
438 1262 586 1335 Ulpianus
608 1262 625 1318 l.
650 1261 716 1320 XV
732 1262 773 1319 acl
787 1263 931 1320 edictum:
951 1294 989 1304 -
1010 1261 1046 1320 de
1067 1263 1210 1337 petitione
1231 1265 1281 1324 ha·

105 1354 238 1415 reditslis
258 1390 297 1400 —
317 1376 385 1416 cnm
406 1357 502 1416 forma
514 1356 589 1416 scu
611 1357 651 1415 sit
671 1357 750 1424 deta,
771 1357 917 1431 optimum
940 1360 986 1415 est
999 1357 1094 1432 ipsius
1108 1358 1176 1418 scri
1190 1361 1281 1421 inter·

107 1451 298 1527 pretationem
319 1452 424 1522 fucere,
446 1451 543 1511 verbis
565 1452 629 1510 aius
650 1451 780 1523 relatis2)

188 1550 296 1616 Pridie
318 1552 389 1614 idus
413 1549 546 1614 Martias
570 1549 606 1626 Q.
632 1547 732 1614 Iulius
759 1549 879 1614 Balbus
909 1555 942 1614 et
965 1549 1000 1616 P.
1023 1551 1188 1619 Iuventius
1210 1555 1281 1620 Cel·

101 1678 156 1719 sus
179 1655 285 1720 Titius
310 1653 455 1719 Aufidius
478 1651 585 1717 Oenus
601 1650 790 1718 Severianus
809 1654 956 1719 consules
974 1657 1069 1721 verba
1086 1658 1230 1723 fecerunt
1244 1661 1282 1725 de

106 1760 163 1837 his,
195 1782 277 1845 quae
300 1763 474 1842 imperator
497 1757 613 1822 Caesar
636 1758 767 1822 Traiani
792 1758 934 1824 Parthici
956 1759 1042 1824 filius
1067 1762 1132 1825 divi
1156 1763 1282 1831 Nervae

105 1887 199 1949 nepos
222 1864 406 1929 Hadrianus
433 1865 598 1947 Augustus
622 1863 796 1946 imperator
811 1866 1031 1949 maximusque
1046 1869 1191 1953 princeps
1207 1894 1281 1955 pro-

106 1968 225 2052 posuit²
259 1971 371 2055 quinto
404 1989 505 2032 nonas
538 1967 671 2033 Martias
705 1991 786 2052 quae
817 1970 980 2052 proximae
1003 1972 1133 2036 fuerunt
1155 1974 1280 2040 libello³

102 2073 286 2158 complexus
309 2080 401 2151 esset,
425 2073 502 2157 qnid
526 2073 596 2136 fieri
621 2073 760 2156 placeat3

189 2180 227 2244 de
250 2178 330 2264 qua⁴
355 2202 389 2243 re
412 2179 458 2242 ita
480 2182 686 2242 censuerunt:
716 2200 798 2255 eum,
823 2185 993 2263 antequam
1018 2187 1124 2264 partes
1146 2185 1282 2251 caducae

103 2306 140 2346 ex
164 2284 256 2349 honis
281 2283 404 2348 Rustici
427 2283 504 2347 fisco
529 2288 723 2367 peterentur,
747 2284 781 2347 hi
805 2285 917 2368 quise
941 2284 1070 2350 heredes
1089 2310 1157 2352 esse
1172 2292 1282 2355 existi·

105 2389 219 2463 mant⁶,
245 2389 452 2454 hereditatem
476 2389 692 2466 distraxerint
717 2389 856 2472 plaeere:
880 2390 1026 2454 redactae
1049 2414 1086 2456 ex
1107 2394 1209 2476 pretio
1231 2417 1281 2460 re·

106 2515 172 2558 rum
203 2494 405 2558 venditarum
434 2493 584 2576 pecuniae
606 2515 720 2557 usuras
744 2517 806 2557 non
830 2517 898 2559 esse
917 2496 1106 2579 exigendam
1136 2498 1282 2584 idemque

104 2599 135 2662 iu
157 2599 317 2663 similibus
346 2599 449 2663 causis
472 2598 671 2663 servandum.
717 2597 798 2662 Item
832 2599 968 2683 placere:
1008 2602 1166 2687 aquibus
1188 2605 1281 2670 here·

104 2703 185 2768 ditas
210 2703 312 2787 petita
333 2704 456 2781 fuisset,
479 2702 505 2766 si
522 2703 673 2767 adversus
691 2724 743 2768 eos
760 2704 935 2768 iudicatum
955 2712 1047 2784 esset,
1072 2710 1184 2792 pretia,
1202 2733 1282 2795 quae

104 2810 141 2873 ad
171 2832 225 2874 eos
255 2831 362 2874 rerum
395 2831 434 2874 ex
456 2807 633 2872 hereditate
659 2809 856 2873 venditarum
880 2813 1114 2893 pervenissent,
1142 2815 1205 2878 etsi
1228 2838 1283 2880 eae
1383 2882 1388 2891 ,

105 2920 177 2979 ante
201 2917 334 2998 petitam
352 2914 559 2978 hereditatem
576 2915 772 2997 deperissent
787 2915 1010 2980 deminutaeve
1025 2917 1169 2996 fuissent,
1189 2921 1282 2983 resti·

104 3026 190 3083 tuere
213 3020 336 3084 debere.
382 3017 477 3083 Item:
502 3040 564 3098 eos,
588 3020 643 3103 qui
667 3019 751 3084 bona
766 3021 968 3098 invasissent,
994 3022 1081 3086 eum⁶
1106 3024 1224 3088 scirent
1242 3026 1281 3088 ad

105 3146 134 3189 se
157 3146 223 3187 non
245 3125 419 3208 pertinere,
450 3126 573 3188 etiarnsi
604 3129 678 3189 ante
701 3125 789 3188 litem
813 3129 1026 3189 contestatam
1050 3127 1191 3205 fecerint,
1216 3150 1280 3212 quo

107 3229 207 3293 minus
222 3229 429 3313 possiderent,
452 3229 583 3311 perinde
600 3230 866 3307 condemnandos,
883 3231 976 3314 quasi
991 3231 1205 3316 possiderent;
1229 3255 1282 3298 eos

103 3340 220 3412 antem,
244 3334 300 3417 qui
321 3333 423 3398 iustas
446 3355 556 3398 causas
580 3334 776 3412 habuissent,
802 3357 899 3419 quare
920 3336 1005 3399 bona
1020 3336 1059 3399 ad
1075 3359 1108 3400 se
1124 3338 1282 3419 pertinere

103 3440 353 3516 existimassent,
387 3461 485 3522 usque
517 3462 553 3503 eo
577 3440 760 3517 dumtaxat,
794 3462 857 3524 quo
881 3441 1104 3524 locupletiores
1128 3463 1166 3506 ex
1189 3465 1226 3507 aa
1248 3466 1282 3509 re

174 3623 199 3689 1)
218 3620 297 3690 isque
316 3622 365 3674 ius.
386 3620 466 3689 Dm,
495 3621 590 3674 deleuit
609 3621 666 3676 Mo.
692 3651 722 3660 -
742 3621 769 3692 2)
789 3622 943 3676 Exordium
960 3624 1153 3677 restituendum
1171 3631 1209 3678 cst
1228 3627 1282 3678 ito:

107 3704 195 3762 Pridie
218 3706 281 3760 idus
307 3704 433 3761 Martias.
470 3706 547 3772 Quod
568 3707 598 3771 Q.
618 3707 706 3761 Iulius
725 3706 845 3773 Balbus,
871 3709 899 3764 P.
921 3709 1069 3762 Iuventius
1088 3709 1183 3764 Celsus
1201 3711 1282 3765 Titus

104 3793 227 3848 Aufidius
246 3792 368 3848 Hoeniua
386 3792 551 3848 Severianus
569 3812 624 3852 cos.
644 3796 699 3850 uf.
719 3795 753 3850 de
773 3797 815 3850 his
834 3814 906 3867 quae
930 3798 997 3866 imp.
1013 3796 1124 3862 Caesar,
1143 3799 1201 3851 diri
1213 3798 1282 3854 Tra·

106 3879 159 3934 iuni
178 3879 305 3935 Parthici
330 3880 348 3933 f,
369 3879 428 3933 diui
447 3880 557 3936 Nervae
576 3901 618 3946 n.,
645 3876 784 3937 Traianus
810 3884 971 3939 hadrianus
995 3887 1140 3952 Augustus
1158 3886 1282 3955 optimus

105 3969 294 4036 maximusque
312 3967 440 4037 princeps
457 3969 564 4037 plater)
583 3969 717 4037 matriae)
735 3971 798 4038 (pro
815 3971 960 4040 proposuit
974 3972 1122 4039 Pithoeus).
1156 3972 1282 4027 Consules

104 4056 153 4110 duo
170 4062 243 4121 suut,
263 4071 317 4108 uon
335 4060 470 4123 queulluor,
489 4055 519 4108 id
536 4057 609 4123 quod
623 4058 733 4124 pulavit
751 4056 824 4110 Rud.
841 4057 902 4111 Ru.
918 4063 1009 4125 1,117,·
1027 4061 1095 4112 ulter
1112 4063 1282 4127 πολυώνυμος

103 4151 138 4196 est
153 4146 223 4198 sterit
242 4143 318 4212 iufra
335 4145 366 4195 iu
378 4141 429 4196 SC.
450 4143 514 4211 Bou.
535 4143 575 4195 M.
596 4143 704 4197 Nouius
723 4144 872 4198 dium'rurus
890 4147 938 4211 (cf.
952 4145 1008 4199 Mo.
1030 4146 1141 4200 Hermes
1158 4148 1237 4214 3,75).
1249 4177 1280 4185 -

105 4229 130 4299 3)
146 4230 247 4293 oratio,
267 4231 284 4283 l.
305 4235 344 4284 22
361 4237 386 4282 et
403 4234 440 4282 40
457 4231 482 4282 ll.
503 4237 519 4283 t.
544 4260 574 4268 -
595 4231 623 4299 l)
642 4247 711 4284 corr.
730 4248 771 4286 ea.
792 4262 825 4270 —
843 4234 872 4298 5)
889 4233 924 4285 L.
943 4239 980 4286 20
997 4238 1013 4298 §
1029 4240 1077 4285 12³:
1106 4233 1149 4287 ita
1168 4239 1281 4288 senatus

105 4315 209 4372 locutus
228 4328 285 4372 est:
306 4326 359 4372 ‘eos
376 4319 425 4388 qui
444 4348 477 4356 —
496 4318 722 4375 existimassent.
744 4350 776 4358 —
795 4321 823 4386 6)
842 4319 876 4372 L.
895 4324 930 4372 25
951 4325 1016 4385 §2³
1040 4320 1080 4372 ait
1101 4322 1228 4374 senatus:
1248 4352 1281 4359 -

103 4402 174 4461 bona
195 4436 224 4445 -
246 4422 290 4475 qu
300 4420 336 4459 ne
354 4405 465 4461 seirent.

1020 4494 1074 4549 13*
